PERMNO,date,NAMEENDT,SHRCD,EXCHCD,SICCD,NCUSIP,TICKER,COMNAM,SHRCLS,TSYMBOL,NAICS,PRIMEXCH,TRDSTAT,SECSTAT,PERMCO,ISSUNO,HEXCD,HSICCD,CUSIP,DCLRDT,DLAMT,DLPDT,DLSTCD,NEXTDT,PAYDT,RCRDDT,SHRFLG,HSICMG,HSICIG,DISTCD,DIVAMT,FACPR,FACSHR,ACPERM,ACCOMP,NWPERM,DLRETX,DLPRC,DLRET,TRTSCD,NMSIND,MMCNT,NSDINX,BIDLO,ASKHI,PRC,VOL,RET,BID,ASK,SHROUT,CFACPR,CFACSHR,OPENPRC,NUMTRD,RETX,vwretd,vwretx,ewretd,ewretx,sprtrn
75333,2001/01/02,,11,1,6719,12201410,BR,BURLINGTON RESOURCES INC,,,,N,A,R,20351,0,1,1311,12201410,,,,,,,,,,,,,,,,,,,,,,,,,49.125,51.812,50.000,1537800.000,-0.009901,,,215516.000,2.000,2.000,50.875,,-0.009901,-0.034,-0.034,-0.001,-0.001,-0.028
75333,2001/01/03,,11,1,6719,12201410,BR,BURLINGTON RESOURCES INC,,,,N,A,R,20351,0,1,1311,12201410,,,,,,,,,,,,,,,,,,,,,,,,,48.188,50.250,48.562,3772000.000,-0.028750,,,215516.000,2.000,2.000,50.000,,-0.028750,0.053,0.053,0.046,0.046,0.050
75333,2001/01/04,,11,1,6719,12201410,BR,BURLINGTON RESOURCES INC,,,,N,A,R,20351,0,1,1311,12201410,,,,,,,,,,,,,,,,,,,,,,,,,46.000,49.375,47.750,3652400.000,-0.016731,,,215516.000,2.000,2.000,48.312,,-0.016731,-0.012,-0.012,0.011,0.011,-0.011
75333,2001/01/05,,11,1,6719,12201410,BR,BURLINGTON RESOURCES INC,,,,N,A,R,20351,0,1,1311,12201410,,,,,,,,,,,,,,,,,,,,,,,,,47.750,50.750,50.750,3079400.000,0.062827,,,215516.000,2.000,2.000,47.750,,0.062827,-0.029,-0.029,-0.009,-0.009,-0.026
75333,2001/01/08,,11,1,6719,12201410,BR,BURLINGTON RESOURCES INC,,,,N,A,R,20351,0,1,1311,12201410,,,,,,,,,,,,,,,,,,,,,,,,,50.625,52.688,52.312,3021100.000,0.030788,,,215516.000,2.000,2.000,50.750,,0.030788,-0.003,-0.004,-0.005,-0.005,-0.002
75333,2001/01/09,,11,1,6719,12201410,BR,BURLINGTON RESOURCES INC,,,,N,A,R,20351,0,1,1311,12201410,,,,,,,,,,,,,,,,,,,,,,,,,51.250,52.812,51.375,1847200.000,-0.017921,,,215516.000,2.000,2.000,52.438,,-0.017921,0.005,0.005,0.012,0.012,0.004
75333,2001/01/10,,11,1,6719,12201410,BR,BURLINGTON RESOURCES INC,,,,N,A,R,20351,0,1,1311,12201410,,,,,,,,,,,,,,,,,,,,,,,,,50.812,51.812,51.000,1338200.000,-0.007299,,,215516.000,2.000,2.000,50.812,,-0.007299,0.014,0.014,0.021,0.020,0.010
75333,2001/01/11,,11,1,6719,12201410,BR,BURLINGTON RESOURCES INC,,,,N,A,R,20351,0,1,1311,12201410,,,,,,,,,,,,,,,,,,,,,,,,,51.062,52.000,51.312,2949800.000,0.006127,,,215516.000,2.000,2.000,51.688,,0.006127,0.015,0.015,0.027,0.027,0.010
75333,2001/01/12,,11,1,6719,12201410,BR,BURLINGTON RESOURCES INC,,,,N,A,R,20351,0,1,1311,12201410,,,,,,,,,,,,,,,,,,,,,,,,,50.625,51.375,51.250,1761300.000,-0.001218,,,215516.000,2.000,2.000,51.375,,-0.001218,-0.004,-0.004,0.019,0.019,-0.006
75333,2001/01/16,,11,1,6719,12201410,BR,BURLINGTON RESOURCES INC,,,,N,A,R,20351,0,1,1311,12201410,,,,,,,,,,,,,,,,,,,,,,,,,51.250,53.625,53.000,1963100.000,0.034146,,,215516.000,2.000,2.000,52.000,,0.034146,0.006,0.006,0.019,0.019,0.006
75333,2001/01/17,,11,1,6719,12201410,BR,BURLINGTON RESOURCES INC,,,,N,A,R,20351,0,1,1311,12201410,,,,,,,,,,,,,,,,,,,,,,,,,49.188,52.250,49.250,3572600.000,-0.070755,,,215516.000,2.000,2.000,52.250,,-0.070755,0.004,0.004,0.013,0.013,0.002
75333,2001/01/18,,11,1,6719,12201410,BR,BURLINGTON RESOURCES INC,,,,N,A,R,20351,0,1,1311,12201410,,,,,,,,,,,,,,,,,,,,,,,,,44.625,48.312,46.062,6062700.000,-0.064721,,,215516.000,2.000,2.000,48.250,,-0.064721,0.012,0.012,0.009,0.008,0.014
75333,2001/01/19,,11,1,6719,12201410,BR,BURLINGTON RESOURCES INC,,,,N,A,R,20351,0,1,1311,12201410,,,,,,,,,,,,,,,,,,,,,,,,,44.062,46.312,44.688,5827700.000,-0.029851,,,215516.000,2.000,2.000,46.062,,-0.029851,-0.004,-0.004,0.004,0.004,-0.004
75333,2001/01/22,,11,1,6719,12201410,BR,BURLINGTON RESOURCES INC,,,,N,A,R,20351,0,1,1311,12201410,,,,,,,,,,,,,,,,,,,,,,,,,44.938,46.000,45.125,2328100.000,0.009790,,,215516.000,2.000,2.000,45.125,,0.009790,0.000,0.000,0.005,0.005,0.000
75333,2001/01/23,,11,1,6719,12201410,BR,BURLINGTON RESOURCES INC,,,,N,A,R,20351,0,1,1311,12201410,,,,,,,,,,,,,,,,,,,,,,,,,44.500,46.000,45.312,2412800.000,0.004155,,,215516.000,2.000,2.000,45.562,,0.004155,0.016,0.016,0.015,0.015,0.013
75333,2001/01/24,,11,1,6719,12201410,BR,BURLINGTON RESOURCES INC,,,,N,A,R,20351,0,1,1311,12201410,,,,,,,,,,,,,,,,,,,,,,,,,44.062,45.750,44.438,3280800.000,-0.019310,,,215516.000,2.000,2.000,45.562,,-0.019310,0.003,0.003,0.007,0.007,0.003
75333,2001/01/25,,11,1,6719,12201410,BR,BURLINGTON RESOURCES INC,,,,N,A,R,20351,0,1,1311,12201410,,,,,,,,,,,,,,,,,,,,,,,,,44.625,45.500,45.312,3488400.000,0.019691,,,215516.000,2.000,2.000,44.688,,0.019691,-0.008,-0.008,-0.003,-0.003,-0.005
75333,2001/01/26,,11,1,6719,12201410,BR,BURLINGTON RESOURCES INC,,,,N,A,R,20351,0,1,1311,12201410,,,,,,,,,,,,,,,,,,,,,,,,,43.562,45.812,44.125,2609900.000,-0.026207,,,215516.000,2.000,2.000,45.375,,-0.026207,-0.001,-0.001,0.002,0.002,-0.002
75333,2001/01/29,,11,1,6719,12201410,BR,BURLINGTON RESOURCES INC,,,,N,A,R,20351,0,1,1311,12201410,,,,,,,,,,,,,,,,,,,,,,,,,41.750,43.650,42.120,2181700.000,-0.045439,,,215516.000,2.000,2.000,43.500,,-0.045439,0.009,0.009,0.010,0.010,0.007
75333,2001/01/30,,11,1,6719,12201410,BR,BURLINGTON RESOURCES INC,,,,N,A,R,20351,0,1,1311,12201410,,,,,,,,,,,,,,,,,,,,,,,,,40.980,41.900,41.400,3323400.000,-0.017094,,,215516.000,2.000,2.000,41.850,,-0.017094,0.007,0.007,0.010,0.009,0.007
75333,2001/01/31,,11,1,6719,12201410,BR,BURLINGTON RESOURCES INC,,,,N,A,R,20351,0,1,1311,12201410,,,,,,,,0.000,,,,,,,,,,,,,,,,,41.300,43.300,42.300,3114100.000,0.021739,,,215516.000,2.000,2.000,41.700,,0.021739,-0.007,-0.007,-0.000,-0.000,-0.006
75333,2001/02/01,,11,1,6719,12201410,BR,BURLINGTON RESOURCES INC,,,,N,A,R,20351,0,1,1311,12201410,,,,,,,,,,,,,,,,,,,,,,,,,42.310,43.900,42.790,2503300.000,0.011584,,,215516.000,2.000,2.000,43.000,,0.011584,0.004,0.004,0.002,0.002,0.005
75333,2001/02/02,,11,1,6719,12201410,BR,BURLINGTON RESOURCES INC,,,,N,A,R,20351,0,1,1311,12201410,,,,,,,,,,,,,,,,,,,,,,,,,42.660,44.770,44.100,2059900.000,0.030615,,,215516.000,2.000,2.000,42.790,,0.030615,-0.019,-0.019,-0.009,-0.009,-0.017
75333,2001/02/05,,11,1,6719,12201410,BR,BURLINGTON RESOURCES INC,,,,N,A,R,20351,0,1,1311,12201410,,,,,,,,,,,,,,,,,,,,,,,,,43.900,45.170,44.300,1696500.000,0.004535,,,215516.000,2.000,2.000,44.600,,0.004535,0.002,0.002,-0.004,-0.004,0.004
75333,2001/02/06,,11,1,6719,12201410,BR,BURLINGTON RESOURCES INC,,,,N,A,R,20351,0,1,1311,12201410,,,,,,,,,,,,,,,,,,,,,,,,,43.600,46.000,45.150,1254200.000,0.019187,,,215516.000,2.000,2.000,44.300,,0.019187,0.000,0.000,0.002,0.002,-0.002
75333,2001/02/07,,11,1,6719,12201410,BR,BURLINGTON RESOURCES INC,,,,N,A,R,20351,0,1,1311,12201410,,,,,,,,,,,,,,,,,,,,,,,,,44.300,46.100,45.260,1253700.000,0.002436,,,215516.000,2.000,2.000,45.150,,0.002436,-0.009,-0.009,-0.004,-0.004,-0.008
75333,2001/02/08,,11,1,6719,12201410,BR,BURLINGTON RESOURCES INC,,,,N,A,R,20351,0,1,1311,12201410,,,,,,,,,,,,,,,,,,,,,,,,,44.700,45.690,44.810,1095300.000,-0.009942,,,215516.000,2.000,2.000,45.270,,-0.009942,-0.006,-0.007,-0.003,-0.003,-0.006
75333,2001/02/09,,11,1,6719,12201410,BR,BURLINGTON RESOURCES INC,,,,N,A,R,20351,0,1,1311,12201410,,,,,,,,,,,,,,,,,,,,,,,,,44.810,46.700,46.500,1790400.000,0.037715,,,215516.000,2.000,2.000,44.810,,0.037715,-0.014,-0.014,-0.009,-0.009,-0.013
75333,2001/02/12,,11,1,6719,12201410,BR,BURLINGTON RESOURCES INC,,,,N,A,R,20351,0,1,1311,12201410,,,,,,,,,,,,,,,,,,,,,,,,,45.900,47.000,46.850,2293000.000,0.007527,,,215516.000,2.000,2.000,46.950,,0.007527,0.010,0.010,0.005,0.005,0.012
75333,2001/02/13,,11,1,6719,12201410,BR,BURLINGTON RESOURCES INC,,,,N,A,R,20351,0,1,1311,12201410,,,,,,,,,,,,,,,,,,,,,,,,,45.500,46.930,46.660,1195700.000,-0.004055,,,215516.000,2.000,2.000,46.500,,-0.004055,-0.009,-0.009,-0.003,-0.004,-0.009
75333,2001/02/14,,11,1,6719,12201410,BR,BURLINGTON RESOURCES INC,,,,N,A,R,20351,0,1,1311,12201410,,,,,,,,,,,,,,,,,,,,,,,,,46.170,48.090,46.350,1328700.000,-0.006644,,,215516.000,2.000,2.000,46.500,,-0.006644,-0.000,-0.000,-0.000,-0.001,-0.002
75333,2001/02/15,,11,1,6719,12201410,BR,BURLINGTON RESOURCES INC,,,,N,A,R,20351,0,1,1311,12201410,,,,,,,,,,,,,,,,,,,,,,,,,44.860,46.250,45.500,2063000.000,-0.018339,,,215516.000,2.000,2.000,45.250,,-0.018339,0.009,0.009,0.009,0.009,0.008
75333,2001/02/16,,11,1,6719,12201410,BR,BURLINGTON RESOURCES INC,,,,N,A,R,20351,0,1,1311,12201410,,,,,,,,,,,,,,,,,,,,,,,,,46.170,47.700,46.950,1578600.000,0.031868,,,215516.000,2.000,2.000,46.170,,0.031868,-0.021,-0.021,-0.014,-0.014,-0.019
75333,2001/02/20,,11,1,6719,12201410,BR,BURLINGTON RESOURCES INC,,,,N,A,R,20351,0,1,1311,12201410,,,,,,,,,,,,,,,,,,,,,,,,,46.500,47.750,46.700,882400.000,-0.005325,,,215516.000,2.000,2.000,46.500,,-0.005325,-0.019,-0.019,-0.012,-0.012,-0.017
75333,2001/02/21,,11,1,6719,12201410,BR,BURLINGTON RESOURCES INC,,,,N,A,R,20351,0,1,1311,12201410,,,,,,,,,,,,,,,,,,,,,,,,,45.500,47.150,45.690,2452900.000,-0.021627,,,215516.000,2.000,2.000,46.700,,-0.021627,-0.018,-0.018,-0.016,-0.016,-0.019
75333,2001/02/22,,11,1,6719,12201410,BR,BURLINGTON RESOURCES INC,,,,N,A,R,20351,0,1,1311,12201410,,,,,,,,,,,,,,,,,,,,,,,,,45.060,46.450,45.210,1484500.000,-0.010506,,,215516.000,2.000,2.000,46.120,,-0.010506,-0.005,-0.005,-0.011,-0.011,-0.002
75333,2001/02/23,,11,1,6719,12201410,BR,BURLINGTON RESOURCES INC,,,,N,A,R,20351,0,1,1311,12201410,,,,,,,,,,,,,,,,,,,,,,,,,44.200,45.990,44.550,997100.000,-0.014599,,,215516.000,2.000,2.000,45.460,,-0.014599,-0.004,-0.004,-0.003,-0.003,-0.006
75333,2001/02/26,,11,1,6719,12201410,BR,BURLINGTON RESOURCES INC,,,,N,A,R,20351,0,1,1311,12201410,,,,,,,,,,,,,,,,,,,,,,,,,44.460,46.410,46.050,1141200.000,0.033670,,,215516.000,2.000,2.000,44.600,,0.033670,0.019,0.019,0.016,0.016,0.017
75333,2001/02/27,,11,1,6719,12201410,BR,BURLINGTON RESOURCES INC,,,,N,A,R,20351,0,1,1311,12201410,,,,,,,,,,,,,,,,,,,,,,,,,45.260,46.900,45.550,1305900.000,-0.010858,,,215516.000,2.000,2.000,46.050,,-0.010858,-0.012,-0.012,-0.012,-0.012,-0.008
75333,2001/02/28,,11,1,6719,12201410,BR,BURLINGTON RESOURCES INC,,,,N,A,R,20351,0,1,1311,12201410,,,,,,,,0.000,,,,,,,,,,,,,,,,,44.750,45.400,44.940,1285800.000,-0.013392,,,215516.000,2.000,2.000,45.000,,-0.013392,-0.014,-0.014,-0.008,-0.008,-0.014
75333,2001/03/01,,11,1,6719,12201410,BR,BURLINGTON RESOURCES INC,,,,N,A,R,20351,0,1,1311,12201410,,,,,,,,,,,,,,,,,,,,,,,,,44.850,45.560,45.180,874000.000,0.005340,,,215516.000,2.000,2.000,44.850,,0.005340,0.000,0.000,-0.006,-0.006,0.001
75333,2001/03/02,,11,1,6719,12201410,BR,BURLINGTON RESOURCES INC,,,,N,A,R,20351,0,1,1311,12201410,,,,,,,,,,,,,,,,,,,,,,,,,45.430,46.820,46.720,1067900.000,0.034086,,,215516.000,2.000,2.000,45.430,,0.034086,-0.005,-0.005,0.005,0.005,-0.006
75333,2001/03/05,,11,1,6719,12201410,BR,BURLINGTON RESOURCES INC,,,,N,A,R,20351,0,1,1311,12201410,,,,,,,,,,,,,,,,,,,,,,,,,47.000,48.000,47.710,1021800.000,0.021190,,,215516.000,2.000,2.000,47.000,,0.021190,0.005,0.005,0.002,0.002,0.006
75333,2001/03/06,,11,1,6719,12201410,BR,BURLINGTON RESOURCES INC,,,,N,A,R,20351,0,1,1311,12201410,,,,,,,,,,,,,,,,,,,,,,,,,47.400,48.690,48.500,932300.000,0.016558,,,215516.000,2.000,2.000,47.740,,0.016558,0.011,0.011,0.010,0.010,0.010
75333,2001/03/07,,11,1,6719,12201410,BR,BURLINGTON RESOURCES INC,,,,N,A,R,20351,0,1,1311,12201410,2001/01/17,,,,,2001/04/02,2001/03/09,0.000,,,1232.000,0.138,0.000,0.000,,,,,,,,,,,49.690,51.000,49.960,3031900.000,0.032938,,,215516.000,2.000,2.000,49.950,,0.030103,0.006,0.006,0.006,0.005,0.006
75333,2001/03/08,,11,1,6719,12201410,BR,BURLINGTON RESOURCES INC,,,,N,A,R,20351,0,1,1311,12201410,,,,,,,,,,,,,,,,,,,,,,,,,49.000,51.800,51.530,2271400.000,0.031425,,,215516.000,2.000,2.000,50.150,,0.031425,-0.001,-0.001,-0.004,-0.004,0.002
75333,2001/03/09,,11,1,6719,12201410,BR,BURLINGTON RESOURCES INC,,,,N,A,R,20351,0,1,1311,12201410,,,,,,,,,,,,,,,,,,,,,,,,,50.300,51.990,51.010,1747400.000,-0.010091,,,215516.000,2.000,2.000,51.000,,-0.010091,-0.024,-0.024,-0.015,-0.015,-0.025
75333,2001/03/12,,11,1,6719,12201410,BR,BURLINGTON RESOURCES INC,,,,N,A,R,20351,0,1,1311,12201410,,,,,,,,,,,,,,,,,,,,,,,,,48.650,50.510,49.270,1482800.000,-0.034111,,,215516.000,2.000,2.000,50.500,,-0.034111,-0.042,-0.042,-0.031,-0.031,-0.043
75333,2001/03/13,,11,1,6719,12201410,BR,BURLINGTON RESOURCES INC,,,,N,A,R,20351,0,1,1311,12201410,,,,,,,,,,,,,,,,,,,,,,,,,47.400,48.510,47.500,1432000.000,-0.035925,,,215516.000,2.000,2.000,48.500,,-0.035925,0.015,0.015,0.005,0.005,0.015
75333,2001/03/14,,11,1,6719,12201410,BR,BURLINGTON RESOURCES INC,,,,N,A,R,20351,0,1,1311,12201410,,,,,,,,,,,,,,,,,,,,,,,,,46.530,48.200,47.760,995100.000,0.005474,,,215516.000,2.000,2.000,47.650,,0.005474,-0.025,-0.025,-0.018,-0.018,-0.026
75333,2001/03/15,,11,1,6719,12201410,BR,BURLINGTON RESOURCES INC,,,,N,A,R,20351,0,1,1311,12201410,,,,,,,,,,,,,,,,,,,,,,,,,46.540,48.250,46.740,963100.000,-0.021357,,,215516.000,2.000,2.000,47.800,,-0.021357,0.003,0.003,-0.000,-0.000,0.006
75333,2001/03/16,,11,1,6719,12201410,BR,BURLINGTON RESOURCES INC,,,,N,A,R,20351,0,1,1311,12201410,,,,,,,,,,,,,,,,,,,,,,,,,45.590,47.450,45.980,1963900.000,-0.016260,,,215516.000,2.000,2.000,46.290,,-0.016260,-0.021,-0.021,-0.018,-0.018,-0.020
75333,2001/03/19,,11,1,6719,12201410,BR,BURLINGTON RESOURCES INC,,,,N,A,R,20351,0,1,1311,12201410,,,,,,,,,,,,,,,,,,,,,,,,,46.000,47.260,46.690,1337900.000,0.015441,,,215516.000,2.000,2.000,46.000,,0.015441,0.019,0.019,0.009,0.009,0.018
75333,2001/03/20,,11,1,6719,12201410,BR,BURLINGTON RESOURCES INC,,,,N,A,R,20351,0,1,1311,12201410,,,,,,,,,,,,,,,,,,,,,,,,,47.120,48.540,47.990,1495300.000,0.027843,,,215516.000,2.000,2.000,47.400,,0.027843,-0.023,-0.023,-0.008,-0.009,-0.024
75333,2001/03/21,,11,1,6719,12201410,BR,BURLINGTON RESOURCES INC,,,,N,A,R,20351,0,1,1311,12201410,,,,,,,,,,,,,,,,,,,,,,,,,45.900,48.050,46.110,1620400.000,-0.039175,,,215516.000,2.000,2.000,47.950,,-0.039175,-0.019,-0.019,-0.016,-0.016,-0.018
75333,2001/03/22,,11,1,6719,12201410,BR,BURLINGTON RESOURCES INC,,,,N,A,R,20351,0,1,1311,12201410,,,,,,,,,,,,,,,,,,,,,,,,,42.760,46.600,44.300,1804100.000,-0.039254,,,215516.000,2.000,2.000,46.600,,-0.039254,-0.004,-0.005,-0.011,-0.011,-0.004
75333,2001/03/23,,11,1,6719,12201410,BR,BURLINGTON RESOURCES INC,,,,N,A,R,20351,0,1,1311,12201410,,,,,,,,,,,,,,,,,,,,,,,,,44.550,45.670,45.020,1191500.000,0.016253,,,215516.000,2.000,2.000,44.800,,0.016253,0.020,0.020,0.021,0.021,0.020
75333,2001/03/26,,11,1,6719,12201410,BR,BURLINGTON RESOURCES INC,,,,N,A,R,20351,0,1,1311,12201410,,,,,,,,,,,,,,,,,,,,,,,,,44.990,46.050,45.270,1646100.000,0.005553,,,215516.000,2.000,2.000,44.990,,0.005553,0.011,0.011,0.007,0.007,0.011
75333,2001/03/27,,11,1,6719,12201410,BR,BURLINGTON RESOURCES INC,,,,N,A,R,20351,0,1,1311,12201410,,,,,,,,,,,,,,,,,,,,,,,,,44.250,45.650,44.660,1232200.000,-0.013475,,,215516.000,2.000,2.000,45.250,,-0.013475,0.023,0.023,0.009,0.009,0.026
75333,2001/03/28,,11,1,6719,12201410,BR,BURLINGTON RESOURCES INC,,,,N,A,R,20351,0,1,1311,12201410,,,,,,,,,,,,,,,,,,,,,,,,,44.190,45.250,44.440,1475100.000,-0.004926,,,215516.000,2.000,2.000,44.450,,-0.004926,-0.026,-0.026,-0.018,-0.018,-0.024
75333,2001/03/29,,11,1,6719,12201410,BR,BURLINGTON RESOURCES INC,,,,N,A,R,20351,0,1,1311,12201410,,,,,,,,,,,,,,,,,,,,,,,,,42.930,43.900,43.700,1146000.000,-0.016652,,,215516.000,2.000,2.000,43.900,,-0.016652,-0.005,-0.005,-0.007,-0.007,-0.005
75333,2001/03/30,,11,1,6719,12201410,BR,BURLINGTON RESOURCES INC,,,,N,A,R,20351,0,1,1311,12201410,,,,,,,,0.000,,,,,,,,,,,,,,,,,43.170,45.000,44.750,2215900.000,0.024027,,,211005.000,2.000,2.000,43.250,,0.024027,0.012,0.012,0.016,0.016,0.011
75333,2001/04/02,,11,1,6719,12201410,BR,BURLINGTON RESOURCES INC,,,,N,A,R,20351,0,1,1311,12201410,,,,,,,,,,,,,,,,,,,,,,,,,42.370,45.250,42.800,1859200.000,-0.043575,,,211005.000,2.000,2.000,45.250,,-0.043575,-0.016,-0.016,-0.021,-0.021,-0.012
75333,2001/04/03,,11,1,6719,12201410,BR,BURLINGTON RESOURCES INC,,,,N,A,R,20351,0,1,1311,12201410,,,,,,,,,,,,,,,,,,,,,,,,,41.860,43.600,42.140,1615300.000,-0.015421,,,211005.000,2.000,2.000,42.800,,-0.015421,-0.036,-0.036,-0.034,-0.034,-0.034
75333,2001/04/04,,11,1,6719,12201410,BR,BURLINGTON RESOURCES INC,,,,N,A,R,20351,0,1,1311,12201410,,,,,,,,,,,,,,,,,,,,,,,,,42.300,43.630,42.960,2316500.000,0.019459,,,211005.000,2.000,2.000,42.300,,0.019459,-0.003,-0.003,-0.008,-0.008,-0.003
75333,2001/04/05,,11,1,6719,12201410,BR,BURLINGTON RESOURCES INC,,,,N,A,R,20351,0,1,1311,12201410,,,,,,,,,,,,,,,,,,,,,,,,,42.410,43.890,43.260,1900500.000,0.006983,,,211005.000,2.000,2.000,43.250,,0.006983,0.046,0.046,0.039,0.039,0.044
75333,2001/04/06,,11,1,6719,12201410,BR,BURLINGTON RESOURCES INC,,,,N,A,R,20351,0,1,1311,12201410,,,,,,,,,,,,,,,,,,,,,,,,,42.250,43.300,43.090,1532600.000,-0.003930,,,211005.000,2.000,2.000,43.300,,-0.003930,-0.020,-0.020,-0.013,-0.013,-0.020
75333,2001/04/09,,11,1,6719,12201410,BR,BURLINGTON RESOURCES INC,,,,N,A,R,20351,0,1,1311,12201410,,,,,,,,,,,,,,,,,,,,,,,,,43.350,45.000,44.960,1166600.000,0.043398,,,211005.000,2.000,2.000,43.500,,0.043398,0.009,0.009,0.006,0.006,0.008
75333,2001/04/10,,11,1,6719,12201410,BR,BURLINGTON RESOURCES INC,,,,N,A,R,20351,0,1,1311,12201410,,,,,,,,,,,,,,,,,,,,,,,,,45.670,47.380,46.860,1841500.000,0.042260,,,211005.000,2.000,2.000,46.000,,0.042260,0.029,0.029,0.023,0.023,0.027
75333,2001/04/11,,11,1,6719,12201410,BR,BURLINGTON RESOURCES INC,,,,N,A,R,20351,0,1,1311,12201410,,,,,,,,,,,,,,,,,,,,,,,,,45.800,46.950,46.130,826900.000,-0.015578,,,211005.000,2.000,2.000,46.860,,-0.015578,-0.001,-0.001,0.007,0.007,-0.002
75333,2001/04/12,,11,1,6719,12201410,BR,BURLINGTON RESOURCES INC,,,,N,A,R,20351,0,1,1311,12201410,,,,,,,,,,,,,,,,,,,,,,,,,46.000,46.990,46.180,1157900.000,0.001084,,,211005.000,2.000,2.000,46.140,,0.001084,0.016,0.016,0.015,0.015,0.015
75333,2001/04/16,,11,1,6719,12201410,BR,BURLINGTON RESOURCES INC,,,,N,A,R,20351,0,1,1311,12201410,,,,,,,,,,,,,,,,,,,,,,,,,47.000,48.250,48.150,876600.000,0.042659,,,211005.000,2.000,2.000,47.000,,0.042659,-0.005,-0.005,-0.004,-0.004,-0.003
75333,2001/04/17,,11,1,6719,12201410,BR,BURLINGTON RESOURCES INC,,,,N,A,R,20351,0,1,1311,12201410,,,,,,,,,,,,,,,,,,,,,,,,,47.210,49.430,49.240,982000.000,0.022638,,,211005.000,2.000,2.000,48.250,,0.022638,0.010,0.010,0.005,0.005,0.010
75333,2001/04/18,,11,1,6719,12201410,BR,BURLINGTON RESOURCES INC,,,,N,A,R,20351,0,1,1311,12201410,,,,,,,,,,,,,,,,,,,,,,,,,47.270,48.990,48.230,1587700.000,-0.020512,,,211005.000,2.000,2.000,48.600,,-0.020512,0.040,0.040,0.029,0.029,0.039
75333,2001/04/19,,11,1,6719,12201410,BR,BURLINGTON RESOURCES INC,,,,N,A,R,20351,0,1,1311,12201410,,,,,,,,,,,,,,,,,,,,,,,,,46.050,48.220,46.850,1615800.000,-0.028613,,,211005.000,2.000,2.000,48.220,,-0.028613,0.015,0.015,0.016,0.016,0.013
75333,2001/04/20,,11,1,6719,12201410,BR,BURLINGTON RESOURCES INC,,,,N,A,R,20351,0,1,1311,12201410,,,,,,,,,,,,,,,,,,,,,,,,,47.050,48.090,47.150,1381000.000,0.006403,,,211005.000,2.000,2.000,47.350,,0.006403,-0.008,-0.008,0.001,0.001,-0.009
75333,2001/04/23,,11,1,6719,12201410,BR,BURLINGTON RESOURCES INC,,,,N,A,R,20351,0,1,1311,12201410,,,,,,,,,,,,,,,,,,,,,,,,,47.710,48.440,48.030,1007600.000,0.018664,,,211005.000,2.000,2.000,47.750,,0.018664,-0.017,-0.017,-0.008,-0.008,-0.015
75333,2001/04/24,,11,1,6719,12201410,BR,BURLINGTON RESOURCES INC,,,,N,A,R,20351,0,1,1311,12201410,,,,,,,,,,,,,,,,,,,,,,,,,47.840,48.580,47.980,1126600.000,-0.001041,,,211005.000,2.000,2.000,48.050,,-0.001041,-0.011,-0.011,0.002,0.002,-0.012
75333,2001/04/25,,11,1,6719,12201410,BR,BURLINGTON RESOURCES INC,,,,N,A,R,20351,0,1,1311,12201410,,,,,,,,,,,,,,,,,,,,,,,,,47.400,49.100,48.950,1404500.000,0.020217,,,211005.000,2.000,2.000,48.350,,0.020217,0.016,0.016,0.012,0.011,0.016
75333,2001/04/26,,11,1,6719,12201410,BR,BURLINGTON RESOURCES INC,,,,N,A,R,20351,0,1,1311,12201410,,,,,,,,,,,,,,,,,,,,,,,,,49.040,50.480,49.040,1136800.000,0.001839,,,211005.000,2.000,2.000,49.750,,0.001839,0.005,0.005,0.008,0.007,0.005
75333,2001/04/27,,11,1,6719,12201410,BR,BURLINGTON RESOURCES INC,,,,N,A,R,20351,0,1,1311,12201410,,,,,,,,,,,,,,,,,,,,,,,,,47.820,49.100,48.670,1025300.000,-0.007545,,,211005.000,2.000,2.000,49.050,,-0.007545,0.014,0.014,0.011,0.011,0.015
75333,2001/04/30,,11,1,6719,12201410,BR,BURLINGTON RESOURCES INC,,,,N,A,R,20351,0,1,1311,12201410,,,,,,,,0.000,,,,,,,,,,,,,,,,,47.040,48.830,47.210,1508800.000,-0.029998,,,211493.000,2.000,2.000,48.670,,-0.029998,0.001,0.001,0.010,0.010,-0.003
75333,2001/05/01,,11,1,6719,12201410,BR,BURLINGTON RESOURCES INC,,,,N,A,R,20351,0,1,1311,12201410,,,,,,,,,,,,,,,,,,,,,,,,,46.000,47.160,46.740,1686700.000,-0.009955,,,211493.000,2.000,2.000,47.160,,-0.009955,0.013,0.013,0.010,0.010,0.014
75333,2001/05/02,,11,1,6719,12201410,BR,BURLINGTON RESOURCES INC,,,,N,A,R,20351,0,1,1311,12201410,,,,,,,,,,,,,,,,,,,,,,,,,44.500,46.500,44.500,2590300.000,-0.047925,,,211493.000,2.000,2.000,46.490,,-0.047925,0.003,0.003,0.012,0.012,0.001
75333,2001/05/03,,11,1,6719,12201410,BR,BURLINGTON RESOURCES INC,,,,N,A,R,20351,0,1,1311,12201410,,,,,,,,,,,,,,,,,,,,,,,,,43.410,44.700,43.630,1778000.000,-0.019551,,,211493.000,2.000,2.000,44.510,,-0.019551,-0.015,-0.015,-0.005,-0.006,-0.015
75333,2001/05/04,,11,1,6719,12201410,BR,BURLINGTON RESOURCES INC,,,,N,A,R,20351,0,1,1311,12201410,,,,,,,,,,,,,,,,,,,,,,,,,43.880,44.990,44.280,1368600.000,0.014898,,,211493.000,2.000,2.000,43.880,,0.014898,0.014,0.014,0.011,0.011,0.014
75333,2001/05/07,,11,1,6719,12201410,BR,BURLINGTON RESOURCES INC,,,,N,A,R,20351,0,1,1311,12201410,,,,,,,,,,,,,,,,,,,,,,,,,44.750,45.600,45.050,1472400.000,0.017389,,,211493.000,2.000,2.000,45.150,,0.017389,-0.003,-0.003,0.001,0.001,-0.002
75333,2001/05/08,,11,1,6719,12201410,BR,BURLINGTON RESOURCES INC,,,,N,A,R,20351,0,1,1311,12201410,,,,,,,,,,,,,,,,,,,,,,,,,44.600,45.310,45.070,1567500.000,0.000444,,,211493.000,2.000,2.000,45.000,,0.000444,-0.001,-0.001,0.005,0.005,-0.002
75333,2001/05/09,,11,1,6719,12201410,BR,BURLINGTON RESOURCES INC,,,,N,A,R,20351,0,1,1311,12201410,,,,,,,,,,,,,,,,,,,,,,,,,45.200,46.500,46.200,1258200.000,0.025072,,,211493.000,2.000,2.000,45.200,,0.025072,-0.004,-0.004,0.001,0.001,-0.004
75333,2001/05/10,,11,1,6719,12201410,BR,BURLINGTON RESOURCES INC,,,,N,A,R,20351,0,1,1311,12201410,,,,,,,,,,,,,,,,,,,,,,,,,46.000,47.000,46.410,1069200.000,0.004545,,,211493.000,2.000,2.000,46.500,,0.004545,-0.000,-0.001,0.003,0.003,-0.000
75333,2001/05/11,,11,1,6719,12201410,BR,BURLINGTON RESOURCES INC,,,,N,A,R,20351,0,1,1311,12201410,,,,,,,,,,,,,,,,,,,,,,,,,45.410,46.410,45.960,938900.000,-0.009696,,,211493.000,2.000,2.000,46.410,,-0.009696,-0.008,-0.008,-0.002,-0.002,-0.008
75333,2001/05/14,,11,1,6719,12201410,BR,BURLINGTON RESOURCES INC,,,,N,A,R,20351,0,1,1311,12201410,,,,,,,,,,,,,,,,,,,,,,,,,46.010,48.380,48.100,1412700.000,0.046562,,,211493.000,2.000,2.000,46.550,,0.046562,0.001,0.001,-0.003,-0.003,0.003
75333,2001/05/15,,11,1,6719,12201410,BR,BURLINGTON RESOURCES INC,,,,N,A,R,20351,0,1,1311,12201410,,,,,,,,,,,,,,,,,,,,,,,,,48.100,49.450,48.990,1425100.000,0.018503,,,211493.000,2.000,2.000,48.100,,0.018503,0.001,0.001,0.004,0.004,0.000
75333,2001/05/16,,11,1,6719,12201410,BR,BURLINGTON RESOURCES INC,,,,N,A,R,20351,0,1,1311,12201410,,,,,,,,,,,,,,,,,,,,,,,,,47.950,49.890,48.050,1741800.000,-0.019188,,,211493.000,2.000,2.000,48.990,,-0.019188,0.027,0.027,0.010,0.010,0.028
75333,2001/05/17,,11,1,6719,12201410,BR,BURLINGTON RESOURCES INC,,,,N,A,R,20351,0,1,1311,12201410,,,,,,,,,,,,,,,,,,,,,,,,,47.200,48.160,48.000,2708100.000,-0.001041,,,211493.000,2.000,2.000,47.300,,-0.001041,0.006,0.006,0.011,0.010,0.003
75333,2001/05/18,,11,1,6719,12201410,BR,BURLINGTON RESOURCES INC,,,,N,A,R,20351,0,1,1311,12201410,,,,,,,,,,,,,,,,,,,,,,,,,48.000,50.100,49.940,1365900.000,0.040417,,,211493.000,2.000,2.000,48.000,,0.040417,0.003,0.003,0.005,0.005,0.003
75333,2001/05/21,,11,1,6719,12201410,BR,BURLINGTON RESOURCES INC,,,,N,A,R,20351,0,1,1311,12201410,,,,,,,,,,,,,,,,,,,,,,,,,50.510,51.950,50.670,2482100.000,0.014618,50.560,50.770,211493.000,2.000,2.000,51.900,,0.014618,0.019,0.019,0.016,0.016,0.016
75333,2001/05/22,,11,1,6719,12201410,BR,BURLINGTON RESOURCES INC,,,,N,A,R,20351,0,1,1311,12201410,,,,,,,,,,,,,,,,,,,,,,,,,49.670,50.660,50.020,1990200.000,-0.012828,49.900,50.110,211493.000,2.000,2.000,50.660,,-0.012828,-0.002,-0.002,0.007,0.007,-0.003
75333,2001/05/23,,11,1,6719,12201410,BR,BURLINGTON RESOURCES INC,,,,N,A,R,20351,0,1,1311,12201410,,,,,,,,,,,,,,,,,,,,,,,,,48.510,49.950,48.570,1034500.000,-0.028988,48.460,48.680,211493.000,2.000,2.000,49.510,,-0.028988,-0.017,-0.017,-0.007,-0.007,-0.016
75333,2001/05/24,,11,1,6719,12201410,BR,BURLINGTON RESOURCES INC,,,,N,A,R,20351,0,1,1311,12201410,,,,,,,,,,,,,,,,,,,,,,,,,48.000,49.000,48.600,1073200.000,0.000618,48.460,48.710,211493.000,2.000,2.000,48.550,,0.000618,0.004,0.004,0.006,0.005,0.003
75333,2001/05/25,,11,1,6719,12201410,BR,BURLINGTON RESOURCES INC,,,,N,A,R,20351,0,1,1311,12201410,,,,,,,,,,,,,,,,,,,,,,,,,47.800,48.750,47.880,849100.000,-0.014815,47.770,47.990,211493.000,2.000,2.000,48.600,,-0.014815,-0.010,-0.010,0.003,0.003,-0.012
75333,2001/05/29,,11,1,6719,12201410,BR,BURLINGTON RESOURCES INC,,,,N,A,R,20351,0,1,1311,12201410,,,,,,,,,,,,,,,,,,,,,,,,,47.280,48.440,47.710,1193200.000,-0.003551,47.610,47.820,211493.000,2.000,2.000,48.000,,-0.003551,-0.010,-0.010,-0.008,-0.008,-0.008
75333,2001/05/30,,11,1,6719,12201410,BR,BURLINGTON RESOURCES INC,,,,N,A,R,20351,0,1,1311,12201410,,,,,,,,,,,,,,,,,,,,,,,,,46.620,48.100,47.930,1312100.000,0.004611,47.800,48.040,211493.000,2.000,2.000,47.700,,0.004611,-0.018,-0.018,-0.016,-0.016,-0.016
75333,2001/05/31,,11,1,6719,12201410,BR,BURLINGTON RESOURCES INC,,,,N,A,R,20351,0,1,1311,12201410,,,,,,,,0.000,,,,,,,,,,,,,,,,,46.910,49.090,48.900,1715500.000,0.020238,48.800,49.120,211493.000,2.000,2.000,47.900,,0.020238,0.008,0.008,0.007,0.007,0.006
75333,2001/06/01,,11,1,6719,12201410,BR,BURLINGTON RESOURCES INC,,,,N,A,R,20351,0,1,1311,12201410,,,,,,,,,,,,,,,,,,,,,,,,,47.910,49.100,48.250,917900.000,-0.013292,48.120,48.360,211493.000,2.000,2.000,48.500,,-0.013292,0.005,0.005,0.006,0.006,0.004
75333,2001/06/04,,11,1,6719,12201410,BR,BURLINGTON RESOURCES INC,,,,N,A,R,20351,0,1,1311,12201410,,,,,,,,,,,,,,,,,,,,,,,,,48.560,49.540,48.680,751800.000,0.008912,48.620,48.840,211493.000,2.000,2.000,48.950,,0.008912,0.005,0.005,0.005,0.005,0.005
75333,2001/06/05,,11,1,6719,12201410,BR,BURLINGTON RESOURCES INC,,,,N,A,R,20351,0,1,1311,12201410,,,,,,,,,,,,,,,,,,,,,,,,,48.080,48.990,48.800,1012800.000,0.002465,48.650,48.870,211493.000,2.000,2.000,48.250,,0.002465,0.014,0.014,0.012,0.012,0.013
75333,2001/06/06,,11,1,6719,12201410,BR,BURLINGTON RESOURCES INC,,,,N,A,R,20351,0,1,1311,12201410,2001/04/18,,,,,2001/07/03,2001/06/08,0.000,,,1232.000,0.094,0.000,0.000,,,,,,,,,,,45.990,47.490,46.000,2316700.000,-0.055453,45.900,46.110,211493.000,2.000,2.000,47.000,,-0.057377,-0.009,-0.010,-0.003,-0.003,-0.011
75333,2001/06/07,,11,1,6719,12201410,BR,BURLINGTON RESOURCES INC,,,,N,A,R,20351,0,1,1311,12201410,,,,,,,,,,,,,,,,,,,,,,,,,45.250,46.020,45.470,1476500.000,-0.011522,45.350,45.580,211493.000,2.000,2.000,46.000,,-0.011522,0.005,0.005,0.005,0.005,0.005
75333,2001/06/08,,11,1,6719,12201410,BR,BURLINGTON RESOURCES INC,,,,N,A,R,20351,0,1,1311,12201410,,,,,,,,,,,,,,,,,,,,,,,,,44.950,45.990,45.400,1518900.000,-0.001539,45.250,45.600,211493.000,2.000,2.000,45.700,,-0.001539,-0.010,-0.010,-0.002,-0.002,-0.009
75333,2001/06/11,,11,1,6719,12201410,BR,BURLINGTON RESOURCES INC,,,,N,A,R,20351,0,1,1311,12201410,,,,,,,,,,,,,,,,,,,,,,,,,45.700,46.520,46.350,1838500.000,0.020925,46.300,46.460,211493.000,2.000,2.000,46.000,,0.020925,-0.010,-0.010,-0.006,-0.006,-0.008
75333,2001/06/12,,11,1,6719,12201410,BR,BURLINGTON RESOURCES INC,,,,N,A,R,20351,0,1,1311,12201410,,,,,,,,,,,,,,,,,,,,,,,,,45.000,46.550,45.690,3336300.000,-0.014239,45.470,45.790,211493.000,2.000,2.000,46.550,,-0.014239,0.000,0.000,-0.001,-0.001,0.001
75333,2001/06/13,,11,1,6719,12201410,BR,BURLINGTON RESOURCES INC,,,,N,A,R,20351,0,1,1311,12201410,,,,,,,,,,,,,,,,,,,,,,,,,44.020,46.290,44.310,1995600.000,-0.030203,44.210,44.490,211493.000,2.000,2.000,45.600,,-0.030203,-0.010,-0.010,-0.002,-0.003,-0.011
75333,2001/06/14,,11,1,6719,12201410,BR,BURLINGTON RESOURCES INC,,,,N,A,R,20351,0,1,1311,12201410,,,,,,,,,,,,,,,,,,,,,,,,,43.600,44.300,43.600,1405900.000,-0.016024,43.490,43.700,211493.000,2.000,2.000,43.900,,-0.016024,-0.019,-0.019,-0.015,-0.015,-0.018
75333,2001/06/15,,11,1,6719,12201410,BR,BURLINGTON RESOURCES INC,,,,N,A,R,20351,0,1,1311,12201410,,,,,,,,,,,,,,,,,,,,,,,,,42.350,43.490,42.440,4061400.000,-0.026606,42.290,42.550,211493.000,2.000,2.000,43.000,,-0.026606,-0.005,-0.005,-0.005,-0.005,-0.005
75333,2001/06/18,,11,1,6719,12201410,BR,BURLINGTON RESOURCES INC,,,,N,A,R,20351,0,1,1311,12201410,,,,,,,,,,,,,,,,,,,,,,,,,41.850,43.000,42.400,2212200.000,-0.000942,42.240,42.510,211493.000,2.000,2.000,43.000,,-0.000942,-0.007,-0.007,-0.013,-0.013,-0.005
75333,2001/06/19,,11,1,6719,12201410,BR,BURLINGTON RESOURCES INC,,,,N,A,R,20351,0,1,1311,12201410,,,,,,,,,,,,,,,,,,,,,,,,,41.410,42.600,41.990,1236500.000,-0.009670,41.850,42.090,211493.000,2.000,2.000,42.400,,-0.009670,0.002,0.002,-0.006,-0.006,0.003
75333,2001/06/20,,11,1,6719,12201410,BR,BURLINGTON RESOURCES INC,,,,N,A,R,20351,0,1,1311,12201410,,,,,,,,,,,,,,,,,,,,,,,,,41.260,42.500,41.510,2054300.000,-0.011431,41.400,41.610,211493.000,2.000,2.000,41.500,,-0.011431,0.010,0.010,0.001,0.001,0.009
75333,2001/06/21,,11,1,6719,12201410,BR,BURLINGTON RESOURCES INC,,,,N,A,R,20351,0,1,1311,12201410,,,,,,,,,,,,,,,,,,,,,,,,,39.510,41.900,39.530,3370300.000,-0.047699,39.500,39.640,211493.000,2.000,2.000,41.800,,-0.047699,0.010,0.010,0.004,0.004,0.011
75333,2001/06/22,,11,1,6719,12201410,BR,BURLINGTON RESOURCES INC,,,,N,A,R,20351,0,1,1311,12201410,,,,,,,,,,,,,,,,,,,,,,,,,38.800,40.000,39.980,2921500.000,0.011384,39.830,40.080,211493.000,2.000,2.000,39.800,,0.011384,-0.009,-0.009,-0.002,-0.003,-0.009
75333,2001/06/25,,11,1,6719,12201410,BR,BURLINGTON RESOURCES INC,,,,N,A,R,20351,0,1,1311,12201410,,,,,,,,,,,,,,,,,,,,,,,,,39.250,40.450,39.730,2132900.000,-0.006253,39.660,39.900,211493.000,2.000,2.000,40.200,,-0.006253,-0.005,-0.005,-0.000,-0.000,-0.006
75333,2001/06/26,,11,1,6719,12201410,BR,BURLINGTON RESOURCES INC,,,,N,A,R,20351,0,1,1311,12201410,,,,,,,,,,,,,,,,,,,,,,,,,39.430,40.550,40.250,1303700.000,0.013088,40.130,40.520,211493.000,2.000,2.000,39.720,,0.013088,-0.000,-0.000,0.005,0.005,-0.002
75333,2001/06/27,,11,1,6719,12201410,BR,BURLINGTON RESOURCES INC,,,,N,A,R,20351,0,1,1311,12201410,,,,,,,,,,,,,,,,,,,,,,,,,38.620,40.500,38.740,2457700.000,-0.037515,38.560,38.840,211493.000,2.000,2.000,40.500,,-0.037515,-0.002,-0.002,0.004,0.004,-0.005
75333,2001/06/28,,11,1,6719,12201410,BR,BURLINGTON RESOURCES INC,,,,N,A,R,20351,0,1,1311,12201410,,,,,,,,,,,,,,,,,,,,,,,,,37.550,38.650,37.980,2341200.000,-0.019618,37.850,38.090,211493.000,2.000,2.000,38.500,,-0.019618,0.013,0.013,0.008,0.008,0.012
75333,2001/06/29,,11,1,6719,12201410,BR,BURLINGTON RESOURCES INC,,,,N,A,R,20351,0,1,1311,12201410,,,,,,,,0.000,,,,,,,,,,,,,,,,,38.000,40.050,39.750,3432300.000,0.046603,39.650,39.860,211493.000,2.000,2.000,38.200,,0.046603,0.004,0.004,0.019,0.019,-0.001
75333,2001/07/02,,11,1,6719,12201410,BR,BURLINGTON RESOURCES INC,,,,N,A,R,20351,0,1,1311,12201410,,,,,,,,,,,,,,,,,,,,,,,,,38.800,39.700,39.610,2459200.000,-0.003522,39.510,39.720,211493.000,2.000,2.000,39.500,,-0.003522,0.005,0.005,-0.006,-0.006,0.010
75333,2001/07/03,,11,1,6719,12201410,BR,BURLINGTON RESOURCES INC,,,,N,A,R,20351,0,1,1311,12201410,,,,,,,,,,,,,,,,,,,,,,,,,39.600,40.030,39.650,1018500.000,0.001010,39.550,39.770,211493.000,2.000,2.000,40.000,,0.001010,-0.002,-0.002,-0.000,-0.000,-0.002
75333,2001/07/05,,11,1,6719,12201410,BR,BURLINGTON RESOURCES INC,,,,N,A,R,20351,0,1,1311,12201410,,,,,,,,,,,,,,,,,,,,,,,,,39.950,40.990,40.690,1924200.000,0.026229,40.570,40.780,211493.000,2.000,2.000,39.950,,0.026229,-0.012,-0.012,-0.007,-0.007,-0.012
75333,2001/07/06,,11,1,6719,12201410,BR,BURLINGTON RESOURCES INC,,,,N,A,R,20351,0,1,1311,12201410,,,,,,,,,,,,,,,,,,,,,,,,,40.050,41.180,41.040,1459000.000,0.008602,40.930,41.150,211493.000,2.000,2.000,40.800,,0.008602,-0.022,-0.022,-0.012,-0.012,-0.023
75333,2001/07/09,,11,1,6719,12201410,BR,BURLINGTON RESOURCES INC,,,,N,A,R,20351,0,1,1311,12201410,,,,,,,,,,,,,,,,,,,,,,,,,39.000,41.050,39.010,3167000.000,-0.049464,38.900,39.060,211493.000,2.000,2.000,41.040,,-0.049464,0.006,0.006,0.002,0.002,0.007
75333,2001/07/10,,11,1,6719,12201410,BR,BURLINGTON RESOURCES INC,,,,N,A,R,20351,0,1,1311,12201410,,,,,,,,,,,,,,,,,,,,,,,,,38.740,39.550,38.910,2409200.000,-0.002563,38.800,39.010,211493.000,2.000,2.000,39.400,,-0.002563,-0.014,-0.014,-0.009,-0.009,-0.014
75333,2001/07/11,,11,1,6719,12201410,BR,BURLINGTON RESOURCES INC,,,,N,A,R,20351,0,1,1311,12201410,,,,,,,,,,,,,,,,,,,,,,,,,37.800,39.000,38.460,2550500.000,-0.011565,38.200,38.560,211493.000,2.000,2.000,39.000,,-0.011565,-0.002,-0.002,-0.005,-0.006,-0.001
75333,2001/07/12,,11,1,6719,12201410,BR,BURLINGTON RESOURCES INC,,,,N,A,R,20351,0,1,1311,12201410,,,,,,,,,,,,,,,,,,,,,,,,,37.530,38.850,38.250,2189200.000,-0.005460,38.140,38.350,211493.000,2.000,2.000,38.500,,-0.005460,0.024,0.024,0.015,0.015,0.024
75333,2001/07/13,,11,1,6719,12201410,BR,BURLINGTON RESOURCES INC,,,,N,A,R,20351,0,1,1311,12201410,,,,,,,,,,,,,,,,,,,,,,,,,37.810,39.390,38.990,1417200.000,0.019346,38.890,39.100,211493.000,2.000,2.000,38.000,,0.019346,0.005,0.005,0.004,0.004,0.006
75333,2001/07/16,,11,1,6719,12201410,BR,BURLINGTON RESOURCES INC,,,,N,A,R,20351,0,1,1311,12201410,,,,,,,,,,,,,,,,,,,,,,,,,37.320,39.450,37.470,1497000.000,-0.038984,37.360,37.580,211493.000,2.000,2.000,39.000,,-0.038984,-0.012,-0.012,-0.007,-0.007,-0.011
75333,2001/07/17,,11,1,6719,12201410,BR,BURLINGTON RESOURCES INC,,,,N,A,R,20351,0,1,1311,12201410,,,,,,,,,,,,,,,,,,,,,,,,,37.600,38.700,38.290,2092300.000,0.021884,38.180,38.460,211493.000,2.000,2.000,38.150,,0.021884,0.011,0.011,0.005,0.005,0.010
75333,2001/07/18,,11,1,6719,12201410,BR,BURLINGTON RESOURCES INC,,,,N,A,R,20351,0,1,1311,12201410,,,,,,,,,,,,,,,,,,,,,,,,,36.700,38.670,38.010,2688300.000,-0.007313,37.900,38.120,211493.000,2.000,2.000,38.120,,-0.007313,-0.007,-0.007,-0.008,-0.008,-0.006
75333,2001/07/19,,11,1,6719,12201410,BR,BURLINGTON RESOURCES INC,,,,N,A,R,20351,0,1,1311,12201410,,,,,,,,,,,,,,,,,,,,,,,,,38.400,39.400,38.800,2275800.000,0.020784,38.690,38.930,211493.000,2.000,2.000,38.400,,0.020784,0.005,0.005,0.005,0.005,0.006
75333,2001/07/20,,11,1,6719,12201410,BR,BURLINGTON RESOURCES INC,,,,N,A,R,20351,0,1,1311,12201410,,,,,,,,,,,,,,,,,,,,,,,,,39.050,39.740,39.470,1796500.000,0.017268,39.470,39.480,211493.000,2.000,2.000,39.100,,0.017268,-0.003,-0.003,0.000,0.000,-0.003
75333,2001/07/23,,11,1,6719,12201410,BR,BURLINGTON RESOURCES INC,,,,N,A,R,20351,0,1,1311,12201410,,,,,,,,,,,,,,,,,,,,,,,,,39.300,40.120,39.950,1715500.000,0.012161,39.800,40.050,211493.000,2.000,2.000,39.500,,0.012161,-0.015,-0.015,-0.006,-0.006,-0.016
75333,2001/07/24,,11,1,6719,12201410,BR,BURLINGTON RESOURCES INC,,,,N,A,R,20351,0,1,1311,12201410,,,,,,,,,,,,,,,,,,,,,,,,,38.570,39.810,39.130,1104300.000,-0.020526,39.030,39.240,211493.000,2.000,2.000,39.750,,-0.020526,-0.016,-0.016,-0.011,-0.012,-0.016
75333,2001/07/25,,11,1,6719,12201410,BR,BURLINGTON RESOURCES INC,,,,N,A,R,20351,0,1,1311,12201410,,,,,,,,,,,,,,,,,,,,,,,,,39.300,42.450,41.920,2894900.000,0.071301,41.850,42.070,211493.000,2.000,2.000,39.750,,0.071301,0.014,0.014,0.003,0.003,0.016
75333,2001/07/26,,11,1,6719,12201410,BR,BURLINGTON RESOURCES INC,,,,N,A,R,20351,0,1,1311,12201410,,,,,,,,,,,,,,,,,,,,,,,,,41.930,42.740,42.390,1731000.000,0.011212,42.290,42.500,211493.000,2.000,2.000,41.930,,0.011212,0.012,0.011,0.008,0.008,0.010
75333,2001/07/27,,11,1,6719,12201410,BR,BURLINGTON RESOURCES INC,,,,N,A,R,20351,0,1,1311,12201410,,,,,,,,,,,,,,,,,,,,,,,,,41.770,43.390,43.280,1062000.000,0.020996,43.180,43.400,211493.000,2.000,2.000,42.390,,0.020996,0.003,0.003,0.004,0.003,0.002
75333,2001/07/30,,11,1,6719,12201410,BR,BURLINGTON RESOURCES INC,,,,N,A,R,20351,0,1,1311,12201410,,,,,,,,,,,,,,,,,,,,,,,,,42.850,44.000,43.010,878400.000,-0.006238,42.900,43.120,211493.000,2.000,2.000,43.350,,-0.006238,-0.001,-0.001,-0.001,-0.001,-0.001
75333,2001/07/31,,11,1,6719,12201410,BR,BURLINGTON RESOURCES INC,,,,N,A,R,20351,0,1,1311,12201410,,,,,,,,0.000,,,,,,,,,,,,,,,,,42.850,44.190,43.250,1143800.000,0.005580,43.000,43.300,206892.000,2.000,2.000,43.600,,0.005580,0.005,0.005,0.003,0.003,0.006
75333,2001/08/01,,11,1,6719,12201410,BR,BURLINGTON RESOURCES INC,,,,N,A,R,20351,0,1,1311,12201410,,,,,,,,,,,,,,,,,,,,,,,,,41.640,44.040,41.810,1814900.000,-0.033295,41.700,41.970,206892.000,2.000,2.000,43.350,,-0.033295,0.005,0.005,0.006,0.006,0.004
75333,2001/08/02,,11,1,6719,12201410,BR,BURLINGTON RESOURCES INC,,,,N,A,R,20351,0,1,1311,12201410,,,,,,,,,,,,,,,,,,,,,,,,,41.650,42.700,42.540,1196600.000,0.017460,42.390,42.640,206892.000,2.000,2.000,42.200,,0.017460,0.003,0.003,0.003,0.002,0.004
75333,2001/08/03,,11,1,6719,12201410,BR,BURLINGTON RESOURCES INC,,,,N,A,R,20351,0,1,1311,12201410,,,,,,,,,,,,,,,,,,,,,,,,,40.900,42.400,41.640,1267200.000,-0.021157,41.570,41.650,206892.000,2.000,2.000,41.600,,-0.021157,-0.005,-0.005,0.001,0.000,-0.005
75333,2001/08/06,,11,1,6719,12201410,BR,BURLINGTON RESOURCES INC,,,,N,A,R,20351,0,1,1311,12201410,,,,,,,,,,,,,,,,,,,,,,,,,41.240,42.240,41.390,791900.000,-0.006004,41.300,41.500,206892.000,2.000,2.000,41.690,,-0.006004,-0.011,-0.011,-0.006,-0.006,-0.011
75333,2001/08/07,,11,1,6719,12201410,BR,BURLINGTON RESOURCES INC,,,,N,A,R,20351,0,1,1311,12201410,,,,,,,,,,,,,,,,,,,,,,,,,41.520,42.140,41.670,580300.000,0.006765,41.570,41.780,206892.000,2.000,2.000,41.550,,0.006765,0.002,0.002,-0.000,-0.000,0.003
75333,2001/08/08,,11,1,6719,12201410,BR,BURLINGTON RESOURCES INC,,,,N,A,R,20351,0,1,1311,12201410,,,,,,,,,,,,,,,,,,,,,,,,,39.680,42.000,40.000,1368500.000,-0.040077,39.890,40.110,206892.000,2.000,2.000,41.900,,-0.040077,-0.017,-0.017,-0.010,-0.010,-0.017
75333,2001/08/09,,11,1,6719,12201410,BR,BURLINGTON RESOURCES INC,,,,N,A,R,20351,0,1,1311,12201410,,,,,,,,,,,,,,,,,,,,,,,,,39.660,40.400,40.100,1080900.000,0.002500,40.000,40.210,206892.000,2.000,2.000,39.990,,0.002500,-0.000,-0.000,-0.001,-0.001,-0.000
75333,2001/08/10,,11,1,6719,12201410,BR,BURLINGTON RESOURCES INC,,,,N,A,R,20351,0,1,1311,12201410,,,,,,,,,,,,,,,,,,,,,,,,,39.820,40.830,40.500,723900.000,0.009975,40.400,40.610,206892.000,2.000,2.000,40.110,,0.009975,0.004,0.004,0.001,0.001,0.006
75333,2001/08/13,,11,1,6719,12201410,BR,BURLINGTON RESOURCES INC,,,,N,A,R,20351,0,1,1311,12201410,,,,,,,,,,,,,,,,,,,,,,,,,40.360,41.380,40.790,611800.000,0.007161,40.690,40.810,206892.000,2.000,2.000,40.500,,0.007161,0.002,0.002,0.003,0.002,0.001
75333,2001/08/14,,11,1,6719,12201410,BR,BURLINGTON RESOURCES INC,,,,N,A,R,20351,0,1,1311,12201410,,,,,,,,,,,,,,,,,,,,,,,,,41.250,42.090,42.070,1359800.000,0.031380,41.950,42.170,206892.000,2.000,2.000,41.250,,0.031380,-0.002,-0.002,0.002,0.002,-0.004
75333,2001/08/15,,11,1,6719,12201410,BR,BURLINGTON RESOURCES INC,,,,N,A,R,20351,0,1,1311,12201410,,,,,,,,,,,,,,,,,,,,,,,,,41.590,43.750,43.570,2402900.000,0.035655,43.470,43.680,206892.000,2.000,2.000,42.070,,0.035655,-0.007,-0.007,-0.005,-0.005,-0.007
75333,2001/08/16,,11,1,6719,12201410,BR,BURLINGTON RESOURCES INC,,,,N,A,R,20351,0,1,1311,12201410,,,,,,,,,,,,,,,,,,,,,,,,,42.150,43.800,43.180,1525100.000,-0.008951,43.070,43.280,206892.000,2.000,2.000,43.200,,-0.008951,0.002,0.002,-0.002,-0.002,0.003
75333,2001/08/17,,11,1,6719,12201410,BR,BURLINGTON RESOURCES INC,,,,N,A,R,20351,0,1,1311,12201410,,,,,,,,,,,,,,,,,,,,,,,,,42.410,43.200,42.500,964300.000,-0.015748,42.390,42.610,206892.000,2.000,2.000,42.800,,-0.015748,-0.016,-0.016,-0.007,-0.007,-0.017
75333,2001/08/20,,11,1,6719,12201410,BR,BURLINGTON RESOURCES INC,,,,N,A,R,20351,0,1,1311,12201410,,,,,,,,,,,,,,,,,,,,,,,,,41.350,42.470,41.360,1405500.000,-0.026824,41.250,41.470,206892.000,2.000,2.000,42.350,,-0.026824,0.007,0.007,-0.000,-0.000,0.008
75333,2001/08/21,,11,1,6719,12201410,BR,BURLINGTON RESOURCES INC,,,,N,A,R,20351,0,1,1311,12201410,,,,,,,,,,,,,,,,,,,,,,,,,41.500,42.150,41.510,757200.000,0.003627,41.400,41.610,206892.000,2.000,2.000,41.850,,0.003627,-0.011,-0.011,-0.008,-0.008,-0.012
75333,2001/08/22,,11,1,6719,12201410,BR,BURLINGTON RESOURCES INC,,,,N,A,R,20351,0,1,1311,12201410,,,,,,,,,,,,,,,,,,,,,,,,,40.650,42.660,40.850,1937600.000,-0.015900,40.760,40.970,206892.000,2.000,2.000,41.850,,-0.015900,0.007,0.007,0.004,0.004,0.007
75333,2001/08/23,,11,1,6719,12201410,BR,BURLINGTON RESOURCES INC,,,,N,A,R,20351,0,1,1311,12201410,,,,,,,,,,,,,,,,,,,,,,,,,40.060,40.990,40.330,1463200.000,-0.012729,40.230,40.440,206892.000,2.000,2.000,40.980,,-0.012729,-0.003,-0.003,-0.004,-0.004,-0.003
75333,2001/08/24,2002/01/01,11,1,1311,12201410,BR,BURLINGTON RESOURCES INC,,,,N,A,R,20351,0,1,1311,12201410,,,,,,,,2.000,13.000,131.000,,,,,,,,,,,,,,,39.950,40.600,40.520,1284300.000,0.004711,40.410,40.660,206892.000,2.000,2.000,40.330,,0.004711,0.018,0.018,0.011,0.011,0.020
75333,2001/08/27,,11,1,1311,12201410,BR,BURLINGTON RESOURCES INC,,,,N,A,R,20351,0,1,1311,12201410,,,,,,,,,13.000,131.000,,,,,,,,,,,,,,,40.100,40.850,40.450,1160200.000,-0.001728,40.300,40.430,206892.000,2.000,2.000,40.520,,-0.001728,-0.004,-0.004,-0.002,-0.002,-0.005
75333,2001/08/28,,11,1,1311,12201410,BR,BURLINGTON RESOURCES INC,,,,N,A,R,20351,0,1,1311,12201410,,,,,,,,,13.000,131.000,,,,,,,,,,,,,,,39.940,40.730,40.000,1295900.000,-0.011125,39.900,40.030,206892.000,2.000,2.000,40.700,,-0.011125,-0.014,-0.014,-0.007,-0.007,-0.015
75333,2001/08/29,,11,1,1311,12201410,BR,BURLINGTON RESOURCES INC,,,,N,A,R,20351,0,1,1311,12201410,,,,,,,,,13.000,131.000,,,,,,,,,,,,,,,39.100,40.630,39.290,1546000.000,-0.017750,39.240,39.400,206892.000,2.000,2.000,40.100,,-0.017750,-0.010,-0.010,-0.003,-0.003,-0.011
75333,2001/08/30,,11,1,1311,12201410,BR,BURLINGTON RESOURCES INC,,,,N,A,R,20351,0,1,1311,12201410,,,,,,,,,13.000,131.000,,,,,,,,,,,,,,,38.350,39.940,38.430,1380700.000,-0.021889,38.350,38.540,206892.000,2.000,2.000,39.750,,-0.021889,-0.016,-0.016,-0.009,-0.009,-0.017
75333,2001/08/31,,11,1,1311,12201410,BR,BURLINGTON RESOURCES INC,,,,N,A,R,20351,0,1,1311,12201410,,,,,,,,0.000,13.000,131.000,,,,,,,,,,,,,,,37.500,38.500,38.000,1473400.000,-0.011189,37.900,38.140,206892.000,2.000,2.000,38.500,,-0.011189,0.004,0.004,0.006,0.006,0.004
75333,2001/09/04,,11,1,1311,12201410,BR,BURLINGTON RESOURCES INC,,,,N,A,R,20351,0,1,1311,12201410,,,,,,,,,13.000,131.000,,,,,,,,,,,,,,,38.250,38.930,38.660,1691500.000,0.017368,38.550,38.810,206892.000,2.000,2.000,38.250,,0.017368,-0.002,-0.002,-0.006,-0.006,-0.001
75333,2001/09/05,,11,1,1311,12201410,BR,BURLINGTON RESOURCES INC,,,,N,A,R,20351,0,1,1311,12201410,2001/07/18,,,,,2001/10/01,2001/09/07,0.000,13.000,131.000,1232.000,0.138,0.000,0.000,,,,,,,,,,,38.000,38.600,38.200,1450600.000,-0.008342,38.090,38.310,206892.000,2.000,2.000,38.050,,-0.011899,-0.003,-0.003,-0.009,-0.009,-0.001
75333,2001/09/06,,11,1,1311,12201410,BR,BURLINGTON RESOURCES INC,,,,N,A,R,20351,0,1,1311,12201410,,,,,,,,,13.000,131.000,,,,,,,,,,,,,,,37.760,38.290,37.800,1747600.000,-0.010471,37.680,37.910,206892.000,2.000,2.000,38.100,,-0.010471,-0.021,-0.021,-0.014,-0.014,-0.022
75333,2001/09/07,,11,1,1311,12201410,BR,BURLINGTON RESOURCES INC,,,,N,A,R,20351,0,1,1311,12201410,,,,,,,,,13.000,131.000,,,,,,,,,,,,,,,37.600,38.290,37.890,1387600.000,0.002381,37.790,38.000,206892.000,2.000,2.000,37.950,,0.002381,-0.018,-0.018,-0.012,-0.012,-0.019
75333,2001/09/10,,11,1,1311,12201410,BR,BURLINGTON RESOURCES INC,,,,N,A,R,20351,0,1,1311,12201410,,,,,,,,,13.000,131.000,,,,,,,,,,,,,,,37.700,38.250,37.880,1326100.000,-0.000264,37.830,38.080,206892.000,2.000,2.000,37.700,,-0.000264,0.004,0.004,-0.007,-0.007,0.006
75333,2001/09/17,,11,1,1311,12201410,BR,BURLINGTON RESOURCES INC,,,,N,A,R,20351,0,1,1311,12201410,,,,,,,,,13.000,131.000,,,,,,,,,,,,,,,36.000,38.000,37.000,1588300.000,-0.023231,37.000,37.010,206892.000,2.000,2.000,37.530,,-0.023231,-0.051,-0.051,-0.042,-0.043,-0.049
75333,2001/09/18,,11,1,1311,12201410,BR,BURLINGTON RESOURCES INC,,,,N,A,R,20351,0,1,1311,12201410,,,,,,,,,13.000,131.000,,,,,,,,,,,,,,,35.310,37.150,35.500,1382200.000,-0.040541,35.410,35.610,206892.000,2.000,2.000,37.150,,-0.040541,-0.008,-0.008,-0.010,-0.010,-0.006
75333,2001/09/19,,11,1,1311,12201410,BR,BURLINGTON RESOURCES INC,,,,N,A,R,20351,0,1,1311,12201410,,,,,,,,,13.000,131.000,,,,,,,,,,,,,,,33.150,35.400,34.300,2097100.000,-0.033803,34.180,34.300,206892.000,2.000,2.000,35.400,,-0.033803,-0.017,-0.017,-0.024,-0.024,-0.016
75333,2001/09/20,,11,1,1311,12201410,BR,BURLINGTON RESOURCES INC,,,,N,A,R,20351,0,1,1311,12201410,,,,,,,,,13.000,131.000,,,,,,,,,,,,,,,33.600,35.480,35.000,1733200.000,0.020408,34.770,35.120,206892.000,2.000,2.000,34.450,,0.020408,-0.031,-0.031,-0.033,-0.033,-0.031
75333,2001/09/21,,11,1,1311,12201410,BR,BURLINGTON RESOURCES INC,,,,N,A,R,20351,0,1,1311,12201410,,,,,,,,,13.000,131.000,,,,,,,,,,,,,,,34.010,35.900,35.130,1722200.000,0.003714,35.020,35.240,206892.000,2.000,2.000,34.500,,0.003714,-0.019,-0.019,-0.020,-0.020,-0.019
75333,2001/09/24,,11,1,1311,12201410,BR,BURLINGTON RESOURCES INC,,,,N,A,R,20351,0,1,1311,12201410,,,,,,,,,13.000,131.000,,,,,,,,,,,,,,,33.010,35.140,33.110,2553300.000,-0.057501,33.000,33.210,206892.000,2.000,2.000,35.130,,-0.057501,0.038,0.038,0.033,0.033,0.039
75333,2001/09/25,,11,1,1311,12201410,BR,BURLINGTON RESOURCES INC,,,,N,A,R,20351,0,1,1311,12201410,,,,,,,,,13.000,131.000,,,,,,,,,,,,,,,31.690,33.460,32.080,2001500.000,-0.031108,31.990,32.230,206892.000,2.000,2.000,33.110,,-0.031108,0.008,0.008,0.004,0.004,0.009
75333,2001/09/26,,11,1,1311,12201410,BR,BURLINGTON RESOURCES INC,,,,N,A,R,20351,0,1,1311,12201410,,,,,,,,,13.000,131.000,,,,,,,,,,,,,,,31.690,32.600,32.000,1497800.000,-0.002494,31.890,32.100,206892.000,2.000,2.000,32.200,,-0.002494,-0.006,-0.006,-0.010,-0.010,-0.005
75333,2001/09/27,,11,1,1311,12201410,BR,BURLINGTON RESOURCES INC,,,,N,A,R,20351,0,1,1311,12201410,,,,,,,,,13.000,131.000,,,,,,,,,,,,,,,31.700,34.140,33.300,1264300.000,0.040625,33.190,33.420,206892.000,2.000,2.000,32.000,,0.040625,0.011,0.011,-0.001,-0.001,0.011
75333,2001/09/28,,11,1,1311,12201410,BR,BURLINGTON RESOURCES INC,,,,N,A,R,20351,0,1,1311,12201410,,,,,,,,0.000,13.000,131.000,,,,,,,,,,,,,,,33.310,34.500,34.210,1446500.000,0.027327,34.180,34.200,206892.000,2.000,2.000,33.310,,0.027327,0.023,0.023,0.025,0.025,0.022
75333,2001/10/01,,11,1,1311,12201410,BR,BURLINGTON RESOURCES INC,,,,N,A,R,20351,0,1,1311,12201410,,,,,,,,,13.000,131.000,,,,,,,,,,,,,,,33.010,34.210,33.490,1075700.000,-0.021046,33.280,33.600,206892.000,2.000,2.000,34.210,,-0.021046,-0.004,-0.004,-0.010,-0.010,-0.002
75333,2001/10/02,,11,1,1311,12201410,BR,BURLINGTON RESOURCES INC,,,,N,A,R,20351,0,1,1311,12201410,,,,,,,,,13.000,131.000,,,,,,,,,,,,,,,33.000,33.880,33.780,1343100.000,0.008659,33.660,33.880,206892.000,2.000,2.000,33.240,,0.008659,0.012,0.012,0.007,0.007,0.012
75333,2001/10/03,,11,1,1311,12201410,BR,BURLINGTON RESOURCES INC,,,,N,A,R,20351,0,1,1311,12201410,,,,,,,,,13.000,131.000,,,,,,,,,,,,,,,32.910,33.990,33.950,1317900.000,0.005033,33.840,34.050,206892.000,2.000,2.000,33.600,,0.005033,0.022,0.022,0.021,0.021,0.020
75333,2001/10/04,,11,1,1311,12201410,BR,BURLINGTON RESOURCES INC,,,,N,A,R,20351,0,1,1311,12201410,,,,,,,,,13.000,131.000,,,,,,,,,,,,,,,34.050,36.490,36.050,1515800.000,0.061856,35.940,36.150,206892.000,2.000,2.000,34.050,,0.061856,-0.000,-0.000,0.011,0.011,-0.002
75333,2001/10/05,,11,1,1311,12201410,BR,BURLINGTON RESOURCES INC,,,,N,A,R,20351,0,1,1311,12201410,,,,,,,,,13.000,131.000,,,,,,,,,,,,,,,34.940,36.700,36.380,901200.000,0.009154,36.300,36.510,206892.000,2.000,2.000,36.100,,0.009154,0.000,0.000,0.001,0.000,0.002
75333,2001/10/08,,11,1,1311,12201410,BR,BURLINGTON RESOURCES INC,,,,N,A,R,20351,0,1,1311,12201410,,,,,,,,,13.000,131.000,,,,,,,,,,,,,,,35.840,37.600,36.500,1072900.000,0.003298,36.440,36.660,206892.000,2.000,2.000,36.390,,0.003298,-0.008,-0.008,-0.002,-0.002,-0.008
75333,2001/10/09,,11,1,1311,12201410,BR,BURLINGTON RESOURCES INC,,,,N,A,R,20351,0,1,1311,12201410,,,,,,,,,13.000,131.000,,,,,,,,,,,,,,,34.500,35.500,35.400,3172200.000,-0.030137,35.220,35.530,206892.000,2.000,2.000,34.500,,-0.030137,-0.005,-0.005,-0.004,-0.004,-0.005
75333,2001/10/10,,11,1,1311,12201410,BR,BURLINGTON RESOURCES INC,,,,N,A,R,20351,0,1,1311,12201410,,,,,,,,,13.000,131.000,,,,,,,,,,,,,,,35.590,37.150,37.010,1427500.000,0.045480,36.900,37.130,206892.000,2.000,2.000,36.100,,0.045480,0.023,0.023,0.019,0.019,0.023
75333,2001/10/11,,11,1,1311,12201410,BR,BURLINGTON RESOURCES INC,,,,N,A,R,20351,0,1,1311,12201410,,,,,,,,,13.000,131.000,,,,,,,,,,,,,,,36.200,37.550,37.300,1153700.000,0.007836,37.110,37.360,206892.000,2.000,2.000,37.400,,0.007836,0.017,0.017,0.019,0.019,0.015
75333,2001/10/12,,11,1,1311,12201410,BR,BURLINGTON RESOURCES INC,,,,N,A,R,20351,0,1,1311,12201410,,,,,,,,,13.000,131.000,,,,,,,,,,,,,,,35.920,37.870,36.840,1497100.000,-0.012332,36.710,36.960,206892.000,2.000,2.000,36.600,,-0.012332,-0.005,-0.005,0.000,0.000,-0.005
75333,2001/10/15,,11,1,1311,12201410,BR,BURLINGTON RESOURCES INC,,,,N,A,R,20351,0,1,1311,12201410,,,,,,,,,13.000,131.000,,,,,,,,,,,,,,,35.450,36.840,35.750,1047500.000,-0.029587,35.700,35.910,206892.000,2.000,2.000,36.840,,-0.029587,-0.001,-0.001,0.003,0.003,-0.002
75333,2001/10/16,,11,1,1311,12201410,BR,BURLINGTON RESOURCES INC,,,,N,A,R,20351,0,1,1311,12201410,,,,,,,,,13.000,131.000,,,,,,,,,,,,,,,35.700,37.660,37.160,1119300.000,0.039441,36.980,37.290,206892.000,2.000,2.000,35.750,,0.039441,0.008,0.008,0.011,0.011,0.007
75333,2001/10/17,,11,1,1311,12201410,BR,BURLINGTON RESOURCES INC,,,,N,A,R,20351,0,1,1311,12201410,,,,,,,,,13.000,131.000,,,,,,,,,,,,,,,35.350,37.900,35.350,2214500.000,-0.048708,35.150,35.560,206892.000,2.000,2.000,37.250,,-0.048708,-0.019,-0.019,-0.006,-0.006,-0.019
75333,2001/10/18,,11,1,1311,12201410,BR,BURLINGTON RESOURCES INC,,,,N,A,R,20351,0,1,1311,12201410,,,,,,,,,13.000,131.000,,,,,,,,,,,,,,,33.700,35.600,34.060,1753200.000,-0.036492,33.960,34.200,206892.000,2.000,2.000,35.450,,-0.036492,-0.007,-0.007,-0.005,-0.005,-0.008
75333,2001/10/19,,11,1,1311,12201410,BR,BURLINGTON RESOURCES INC,,,,N,A,R,20351,0,1,1311,12201410,,,,,,,,,13.000,131.000,,,,,,,,,,,,,,,33.300,35.350,34.980,1405700.000,0.027011,34.860,35.070,206892.000,2.000,2.000,34.000,,0.027011,0.005,0.005,0.005,0.005,0.005
75333,2001/10/22,,11,1,1311,12201410,BR,BURLINGTON RESOURCES INC,,,,N,A,R,20351,0,1,1311,12201410,,,,,,,,,13.000,131.000,,,,,,,,,,,,,,,34.050,35.150,34.980,1195400.000,0.000000,34.980,35.030,206892.000,2.000,2.000,34.950,,0.000000,0.015,0.015,0.008,0.008,0.015
75333,2001/10/23,,11,1,1311,12201410,BR,BURLINGTON RESOURCES INC,,,,N,A,R,20351,0,1,1311,12201410,,,,,,,,,13.000,131.000,,,,,,,,,,,,,,,34.450,35.450,34.710,2090300.000,-0.007719,34.700,34.710,206892.000,2.000,2.000,35.000,,-0.007719,-0.004,-0.004,0.000,0.000,-0.005
75333,2001/10/24,,11,1,1311,12201410,BR,BURLINGTON RESOURCES INC,,,,N,A,R,20351,0,1,1311,12201410,,,,,,,,,13.000,131.000,,,,,,,,,,,,,,,34.300,35.730,35.480,2064500.000,0.022184,35.330,35.590,206892.000,2.000,2.000,34.460,,0.022184,0.001,0.001,0.004,0.004,0.000
75333,2001/10/25,,11,1,1311,12201410,BR,BURLINGTON RESOURCES INC,,,,N,A,R,20351,0,1,1311,12201410,,,,,,,,,13.000,131.000,,,,,,,,,,,,,,,35.210,36.990,36.900,1901000.000,0.040023,36.810,37.030,206892.000,2.000,2.000,35.400,,0.040023,0.014,0.014,0.011,0.011,0.014
75333,2001/10/26,,11,1,1311,12201410,BR,BURLINGTON RESOURCES INC,,,,N,A,R,20351,0,1,1311,12201410,,,,,,,,,13.000,131.000,,,,,,,,,,,,,,,36.750,38.910,38.900,2849000.000,0.054201,38.800,39.000,206892.000,2.000,2.000,36.850,,0.054201,0.004,0.004,0.007,0.007,0.004
75333,2001/10/29,,11,1,1311,12201410,BR,BURLINGTON RESOURCES INC,,,,N,A,R,20351,0,1,1311,12201410,,,,,,,,,13.000,131.000,,,,,,,,,,,,,,,38.270,39.750,38.760,2089600.000,-0.003599,38.720,38.870,206892.000,2.000,2.000,38.900,,-0.003599,-0.023,-0.023,-0.009,-0.009,-0.024
75333,2001/10/30,,11,1,1311,12201410,BR,BURLINGTON RESOURCES INC,,,,N,A,R,20351,0,1,1311,12201410,,,,,,,,,13.000,131.000,,,,,,,,,,,,,,,37.200,38.020,37.250,1615800.000,-0.038958,37.150,37.360,206892.000,2.000,2.000,38.010,,-0.038958,-0.017,-0.017,-0.011,-0.012,-0.017
75333,2001/10/31,,11,1,1311,12201410,BR,BURLINGTON RESOURCES INC,,,,N,A,R,20351,0,1,1311,12201410,,,,,,,,0.000,13.000,131.000,,,,,,,,,,,,,,,36.380,38.240,37.250,2154800.000,0.000000,37.150,37.370,200767.000,2.000,2.000,37.500,,0.000000,0.002,0.002,0.011,0.011,-0.000
75333,2001/11/01,,11,1,1311,12201410,BR,BURLINGTON RESOURCES INC,,,,N,A,R,20351,0,1,1311,12201410,,,,,,,,,13.000,131.000,,,,,,,,,,,,,,,36.580,37.950,37.240,1126900.000,-0.000268,37.200,37.350,200767.000,2.000,2.000,36.700,,-0.000268,0.021,0.021,0.009,0.009,0.023
75333,2001/11/02,,11,1,1311,12201410,BR,BURLINGTON RESOURCES INC,,,,N,A,R,20351,0,1,1311,12201410,,,,,,,,,13.000,131.000,,,,,,,,,,,,,,,36.100,37.240,36.610,826400.000,-0.016917,36.470,36.710,200767.000,2.000,2.000,37.240,,-0.016917,0.002,0.002,-0.001,-0.001,0.003
75333,2001/11/05,,11,1,1311,12201410,BR,BURLINGTON RESOURCES INC,,,,N,A,R,20351,0,1,1311,12201410,,,,,,,,,13.000,131.000,,,,,,,,,,,,,,,35.600,37.030,36.120,971100.000,-0.013384,35.960,36.230,200767.000,2.000,2.000,36.610,,-0.013384,0.014,0.014,0.008,0.008,0.014
75333,2001/11/06,,11,1,1311,12201410,BR,BURLINGTON RESOURCES INC,,,,N,A,R,20351,0,1,1311,12201410,,,,,,,,,13.000,131.000,,,,,,,,,,,,,,,35.120,36.480,36.320,1069000.000,0.005537,36.270,36.430,200767.000,2.000,2.000,35.550,,0.005537,0.014,0.014,0.007,0.007,0.015
75333,2001/11/07,,11,1,1311,12201410,BR,BURLINGTON RESOURCES INC,,,,N,A,R,20351,0,1,1311,12201410,,,,,,,,,13.000,131.000,,,,,,,,,,,,,,,35.400,36.560,36.040,1636900.000,-0.007709,35.990,36.210,200767.000,2.000,2.000,36.200,,-0.007709,-0.002,-0.002,0.001,0.001,-0.003
75333,2001/11/08,,11,1,1311,12201410,BR,BURLINGTON RESOURCES INC,,,,N,A,R,20351,0,1,1311,12201410,,,,,,,,,13.000,131.000,,,,,,,,,,,,,,,35.450,36.470,35.970,1548700.000,-0.001942,35.890,36.100,200767.000,2.000,2.000,36.200,,-0.001942,0.001,0.001,0.003,0.003,0.002
75333,2001/11/09,,11,1,1311,12201410,BR,BURLINGTON RESOURCES INC,,,,N,A,R,20351,0,1,1311,12201410,,,,,,,,,13.000,131.000,,,,,,,,,,,,,,,36.350,36.980,36.890,1079500.000,0.025577,36.720,36.990,200767.000,2.000,2.000,36.410,,0.025577,0.001,0.001,0.003,0.003,0.002
75333,2001/11/12,,11,1,1311,12201410,BR,BURLINGTON RESOURCES INC,,,,N,A,R,20351,0,1,1311,12201410,,,,,,,,,13.000,131.000,,,,,,,,,,,,,,,35.500,36.590,36.450,1166100.000,-0.011927,36.350,36.560,200767.000,2.000,2.000,36.000,,-0.011927,-0.001,-0.001,0.001,0.001,-0.002
75333,2001/11/13,,11,1,1311,12201410,BR,BURLINGTON RESOURCES INC,,,,N,A,R,20351,0,1,1311,12201410,,,,,,,,,13.000,131.000,,,,,,,,,,,,,,,36.050,37.260,37.050,1638300.000,0.016461,36.940,37.150,200767.000,2.000,2.000,36.450,,0.016461,0.019,0.018,0.014,0.014,0.019
75333,2001/11/14,,11,1,1311,12201410,BR,BURLINGTON RESOURCES INC,,,,N,A,R,20351,0,1,1311,12201410,,,,,,,,,13.000,131.000,,,,,,,,,,,,,,,35.100,37.050,35.190,1548700.000,-0.050202,35.090,35.300,200767.000,2.000,2.000,36.650,,-0.050202,0.003,0.003,0.008,0.007,0.002
75333,2001/11/15,,11,1,1311,12201410,BR,BURLINGTON RESOURCES INC,,,,N,A,R,20351,0,1,1311,12201410,,,,,,,,,13.000,131.000,,,,,,,,,,,,,,,32.900,34.910,33.300,3154600.000,-0.053708,33.150,33.410,200767.000,2.000,2.000,34.900,,-0.053708,0.000,0.000,0.000,0.000,0.001
75333,2001/11/16,,11,1,1311,12201410,BR,BURLINGTON RESOURCES INC,,,,N,A,R,20351,0,1,1311,12201410,,,,,,,,,13.000,131.000,,,,,,,,,,,,,,,32.750,34.000,33.780,1860400.000,0.014414,33.680,33.890,200767.000,2.000,2.000,34.000,,0.014414,-0.002,-0.002,0.006,0.006,-0.003
75333,2001/11/19,,11,1,1311,12201410,BR,BURLINGTON RESOURCES INC,,,,N,A,R,20351,0,1,1311,12201410,,,,,,,,,13.000,131.000,,,,,,,,,,,,,,,33.300,34.300,34.300,1746000.000,0.015394,34.140,34.450,200767.000,2.000,2.000,33.900,,0.015394,0.012,0.012,0.012,0.012,0.011
75333,2001/11/20,,11,1,1311,12201410,BR,BURLINGTON RESOURCES INC,,,,N,A,R,20351,0,1,1311,12201410,,,,,,,,,13.000,131.000,,,,,,,,,,,,,,,34.700,36.000,35.840,1498200.000,0.044898,35.780,36.000,200767.000,2.000,2.000,34.700,,0.044898,-0.008,-0.008,-0.005,-0.005,-0.007
75333,2001/11/21,,11,1,1311,12201410,BR,BURLINGTON RESOURCES INC,,,,N,A,R,20351,0,1,1311,12201410,,,,,,,,,13.000,131.000,,,,,,,,,,,,,,,34.800,35.900,35.160,1102600.000,-0.018973,35.050,35.280,200767.000,2.000,2.000,35.400,,-0.018973,-0.004,-0.005,0.000,0.000,-0.005
75333,2001/11/23,,11,1,1311,12201410,BR,BURLINGTON RESOURCES INC,,,,N,A,R,20351,0,1,1311,12201410,,,,,,,,,13.000,131.000,,,,,,,,,,,,,,,34.700,36.370,36.200,465800.000,0.029579,36.090,36.300,200767.000,2.000,2.000,35.100,,0.029579,0.012,0.012,0.010,0.010,0.012
75333,2001/11/26,,11,1,1311,12201410,BR,BURLINGTON RESOURCES INC,,,,N,A,R,20351,0,1,1311,12201410,,,,,,,,,13.000,131.000,,,,,,,,,,,,,,,35.060,35.790,35.650,1426200.000,-0.015193,35.540,35.760,200767.000,2.000,2.000,35.200,,-0.015193,0.007,0.007,0.006,0.006,0.006
75333,2001/11/27,,11,1,1311,12201410,BR,BURLINGTON RESOURCES INC,,,,N,A,R,20351,0,1,1311,12201410,,,,,,,,,13.000,131.000,,,,,,,,,,,,,,,34.750,36.450,35.790,1250500.000,0.003927,35.690,35.970,200767.000,2.000,2.000,35.490,,0.003927,-0.005,-0.005,0.002,0.002,-0.007
75333,2001/11/28,,11,1,1311,12201410,BR,BURLINGTON RESOURCES INC,,,,N,A,R,20351,0,1,1311,12201410,,,,,,,,,13.000,131.000,,,,,,,,,,,,,,,34.320,35.599,34.520,1932400.000,-0.035485,34.400,34.540,200767.000,2.000,2.000,35.300,,-0.035485,-0.017,-0.018,-0.010,-0.010,-0.018
75333,2001/11/29,,11,1,1311,12201410,BR,BURLINGTON RESOURCES INC,,,,N,A,R,20351,0,1,1311,12201410,,,,,,,,,13.000,131.000,,,,,,,,,,,,,,,34.500,35.389,35.360,1323000.000,0.024334,35.220,35.460,200767.000,2.000,2.000,34.850,,0.024334,0.011,0.011,0.009,0.009,0.010
75333,2001/11/30,,11,1,1311,12201410,BR,BURLINGTON RESOURCES INC,,,,N,A,R,20351,0,1,1311,12201410,,,,,,,,0.000,13.000,131.000,,,,,,,,,,,,,,,34.980,35.360,35.140,1008800.000,-0.006222,35.030,35.300,200767.000,2.000,2.000,35.150,,-0.006222,-0.001,-0.001,0.001,0.001,-0.001
75333,2001/12/03,,11,1,1311,12201410,BR,BURLINGTON RESOURCES INC,,,,N,A,R,20351,0,1,1311,12201410,,,,,,,,,13.000,131.000,,,,,,,,,,,,,,,34.720,36.250,35.880,1255000.000,0.021059,35.770,35.990,200767.000,2.000,2.000,35.140,,0.021059,-0.008,-0.008,-0.007,-0.007,-0.008
75333,2001/12/04,,11,1,1311,12201410,BR,BURLINGTON RESOURCES INC,,,,N,A,R,20351,0,1,1311,12201410,,,,,,,,,13.000,131.000,,,,,,,,,,,,,,,35.510,36.540,36.500,1059500.000,0.017280,36.360,36.610,200767.000,2.000,2.000,35.890,,0.017280,0.015,0.015,0.012,0.012,0.013
75333,2001/12/05,,11,1,1311,12201410,BR,BURLINGTON RESOURCES INC,,,,N,A,R,20351,0,1,1311,12201410,2001/10/17,,,,,2002/01/03,2001/12/07,0.000,13.000,131.000,1232.000,0.138,0.000,0.000,,,,,,,,,,,36.781,37.420,36.950,1338800.000,0.016096,36.850,37.080,200767.000,2.000,2.000,36.950,,0.012329,0.023,0.023,0.017,0.017,0.022
75333,2001/12/06,,11,1,1311,12201410,BR,BURLINGTON RESOURCES INC,,,,N,A,R,20351,0,1,1311,12201410,,,,,,,,,13.000,131.000,,,,,,,,,,,,,,,36.420,37.060,36.650,940300.000,-0.008119,36.540,36.750,200767.000,2.000,2.000,36.950,,-0.008119,-0.001,-0.001,0.006,0.006,-0.003
75333,2001/12/07,,11,1,1311,12201410,BR,BURLINGTON RESOURCES INC,,,,N,A,R,20351,0,1,1311,12201410,,,,,,,,,13.000,131.000,,,,,,,,,,,,,,,36.000,37.100,37.060,933100.000,0.011187,36.930,37.150,200767.000,2.000,2.000,36.000,,0.011187,-0.007,-0.007,0.002,0.002,-0.008
75333,2001/12/10,,11,1,1311,12201410,BR,BURLINGTON RESOURCES INC,,,,N,A,R,20351,0,1,1311,12201410,,,,,,,,,13.000,131.000,,,,,,,,,,,,,,,36.300,37.080,36.700,1015900.000,-0.009714,36.610,36.810,200767.000,2.000,2.000,36.750,,-0.009714,-0.015,-0.015,-0.007,-0.007,-0.016
75333,2001/12/11,,11,1,1311,12201410,BR,BURLINGTON RESOURCES INC,,,,N,A,R,20351,0,1,1311,12201410,,,,,,,,,13.000,131.000,,,,,,,,,,,,,,,35.800,36.750,36.020,1111000.000,-0.018529,35.910,36.130,200767.000,2.000,2.000,36.400,,-0.018529,-0.002,-0.002,0.003,0.003,-0.003
75333,2001/12/12,,11,1,1311,12201410,BR,BURLINGTON RESOURCES INC,,,,N,A,R,20351,0,1,1311,12201410,,,,,,,,,13.000,131.000,,,,,,,,,,,,,,,35.020,35.810,35.240,902500.000,-0.021655,35.140,35.450,200767.000,2.000,2.000,35.800,,-0.021655,0.001,0.000,0.002,0.002,0.000
75333,2001/12/13,,11,1,1311,12201410,BR,BURLINGTON RESOURCES INC,,,,N,A,R,20351,0,1,1311,12201410,,,,,,,,,13.000,131.000,,,,,,,,,,,,,,,34.600,35.330,34.930,962700.000,-0.008797,34.770,35.380,200767.000,2.000,2.000,34.990,,-0.008797,-0.015,-0.015,-0.008,-0.008,-0.016
75333,2001/12/14,,11,1,1311,12201410,BR,BURLINGTON RESOURCES INC,,,,N,A,R,20351,0,1,1311,12201410,,,,,,,,,13.000,131.000,,,,,,,,,,,,,,,34.800,35.580,35.500,688500.000,0.016318,35.410,35.930,200767.000,2.000,2.000,35.000,,0.016318,0.003,0.003,0.002,0.002,0.003
75333,2001/12/17,,11,1,1311,12201410,BR,BURLINGTON RESOURCES INC,,,,N,A,R,20351,0,1,1311,12201410,,,,,,,,,13.000,131.000,,,,,,,,,,,,,,,34.700,35.400,34.780,783200.000,-0.020282,34.710,35.230,200767.000,2.000,2.000,35.020,,-0.020282,0.010,0.010,0.005,0.005,0.010
75333,2001/12/18,,11,1,1311,12201410,BR,BURLINGTON RESOURCES INC,,,,N,A,R,20351,0,1,1311,12201410,,,,,,,,,13.000,131.000,,,,,,,,,,,,,,,34.800,35.740,35.730,1080700.000,0.027315,35.580,36.030,200767.000,2.000,2.000,34.800,,0.027315,0.008,0.008,0.007,0.007,0.008
75333,2001/12/19,,11,1,1311,12201410,BR,BURLINGTON RESOURCES INC,,,,N,A,R,20351,0,1,1311,12201410,,,,,,,,,13.000,131.000,,,,,,,,,,,,,,,35.700,36.870,36.800,1085500.000,0.029947,36.660,36.840,200767.000,2.000,2.000,35.750,,0.029947,0.004,0.004,-0.003,-0.003,0.006
75333,2001/12/20,,11,1,1311,12201410,BR,BURLINGTON RESOURCES INC,,,,N,A,R,20351,0,1,1311,12201410,,,,,,,,,13.000,131.000,,,,,,,,,,,,,,,36.450,37.180,36.730,1015200.000,-0.001902,36.550,37.140,200767.000,2.000,2.000,36.800,,-0.001902,-0.009,-0.009,-0.009,-0.009,-0.008
75333,2001/12/21,,11,1,1311,12201410,BR,BURLINGTON RESOURCES INC,,,,N,A,R,20351,0,1,1311,12201410,,,,,,,,,13.000,131.000,,,,,,,,,,,,,,,36.560,37.440,36.720,1459100.000,-0.000272,36.770,37.110,200767.000,2.000,2.000,36.800,,-0.000272,0.006,0.006,0.010,0.010,0.004
75333,2001/12/24,,11,1,1311,12201410,BR,BURLINGTON RESOURCES INC,,,,N,A,R,20351,0,1,1311,12201410,,,,,,,,,13.000,131.000,,,,,,,,,,,,,,,36.750,37.250,37.000,378100.000,0.007625,36.870,37.470,200767.000,2.000,2.000,36.750,,0.007625,0.000,0.000,0.004,0.004,-0.000
75333,2001/12/26,,11,1,1311,12201410,BR,BURLINGTON RESOURCES INC,,,,N,A,R,20351,0,1,1311,12201410,,,,,,,,,13.000,131.000,,,,,,,,,,,,,,,37.100,37.750,37.260,1118800.000,0.007027,37.160,37.690,200767.000,2.000,2.000,37.300,,0.007027,0.005,0.005,0.007,0.007,0.004
75333,2001/12/27,,11,1,1311,12201410,BR,BURLINGTON RESOURCES INC,,,,N,A,R,20351,0,1,1311,12201410,,,,,,,,,13.000,131.000,,,,,,,,,,,,,,,36.900,37.600,37.320,837300.000,0.001610,37.150,37.780,200767.000,2.000,2.000,37.350,,0.001610,0.007,0.007,0.008,0.008,0.007
75333,2001/12/28,,11,1,1311,12201410,BR,BURLINGTON RESOURCES INC,,,,N,A,R,20351,0,1,1311,12201410,,,,,,,,,13.000,131.000,,,,,,,,,,,,,,,37.360,38.080,37.880,721200.000,0.015005,37.720,38.320,200767.000,2.000,2.000,37.450,,0.015005,0.004,0.004,0.009,0.009,0.003
75333,2001/12/31,,11,1,1311,12201410,BR,BURLINGTON RESOURCES INC,,,,N,A,R,20351,0,1,1311,12201410,,,,,,,,0.000,13.000,131.000,,,,,,,,,,,,,,,37.540,38.130,37.540,779000.000,-0.008976,37.540,38.010,200767.000,2.000,2.000,37.860,,-0.008976,-0.010,-0.010,0.007,0.007,-0.011
75333,2002/01/02,2004/06/09,11,1,1311,12201410,BR,BURLINGTON RESOURCES INC,,BR,,N,A,R,20351,0,1,1311,12201410,,,,,,,,2.000,13.000,131.000,,,,,,,,,,,,,,,35.600,37.080,36.840,1420600.000,-0.018647,36.670,37.130,200767.000,2.000,2.000,37.040,,-0.018647,0.004,0.004,0.008,0.008,0.006
75333,2002/01/03,,11,1,1311,12201410,BR,BURLINGTON RESOURCES INC,,BR,,N,A,R,20351,0,1,1311,12201410,,,,,,,,,13.000,131.000,,,,,,,,,,,,,,,35.700,36.800,35.820,1176600.000,-0.027687,35.700,36.160,200767.000,2.000,2.000,36.210,,-0.027687,0.010,0.010,0.013,0.013,0.009
75333,2002/01/04,,11,1,1311,12201410,BR,BURLINGTON RESOURCES INC,,BR,,N,A,R,20351,0,1,1311,12201410,,,,,,,,,13.000,131.000,,,,,,,,,,,,,,,35.520,36.350,36.070,804500.000,0.006979,35.910,36.280,200767.000,2.000,2.000,36.030,,0.006979,0.007,0.007,0.011,0.011,0.006
75333,2002/01/07,,11,1,1311,12201410,BR,BURLINGTON RESOURCES INC,,BR,,N,A,R,20351,0,1,1311,12201410,,,,,,,,,13.000,131.000,,,,,,,,,,,,,,,35.710,36.500,36.190,810400.000,0.003327,36.090,36.580,200767.000,2.000,2.000,36.010,,0.003327,-0.007,-0.007,-0.000,-0.000,-0.006
75333,2002/01/08,,11,1,1311,12201410,BR,BURLINGTON RESOURCES INC,,BR,,N,A,R,20351,0,1,1311,12201410,,,,,,,,,13.000,131.000,,,,,,,,,,,,,,,35.500,36.180,35.740,658300.000,-0.012434,35.550,36.080,200767.000,2.000,2.000,35.950,,-0.012434,-0.002,-0.003,0.005,0.005,-0.004
75333,2002/01/09,,11,1,1311,12201410,BR,BURLINGTON RESOURCES INC,,BR,,N,A,R,20351,0,1,1311,12201410,,,,,,,,,13.000,131.000,,,,,,,,,,,,,,,35.000,35.900,35.390,856000.000,-0.009793,35.200,35.780,200767.000,2.000,2.000,35.360,,-0.009793,-0.004,-0.004,0.001,0.001,-0.005
75333,2002/01/10,,11,1,1311,12201410,BR,BURLINGTON RESOURCES INC,,BR,,N,A,R,20351,0,1,1311,12201410,,,,,,,,,13.000,131.000,,,,,,,,,,,,,,,34.650,35.400,34.710,725700.000,-0.019214,34.600,35.110,200767.000,2.000,2.000,35.100,,-0.019214,0.001,0.001,0.000,0.000,0.001
75333,2002/01/11,,11,1,1311,12201410,BR,BURLINGTON RESOURCES INC,,BR,,N,A,R,20351,0,1,1311,12201410,,,,,,,,,13.000,131.000,,,,,,,,,,,,,,,33.270,34.500,33.510,1449800.000,-0.034572,33.360,33.980,200767.000,2.000,2.000,34.460,,-0.034572,-0.009,-0.009,-0.004,-0.004,-0.009
75333,2002/01/14,,11,1,1311,12201410,BR,BURLINGTON RESOURCES INC,,BR,,N,A,R,20351,0,1,1311,12201410,,,,,,,,,13.000,131.000,,,,,,,,,,,,,,,32.960,33.750,33.190,1583700.000,-0.009549,33.090,33.360,200767.000,2.000,2.000,32.990,,-0.009549,-0.008,-0.008,-0.010,-0.010,-0.006
75333,2002/01/15,,11,1,1311,12201410,BR,BURLINGTON RESOURCES INC,,BR,,N,A,R,20351,0,1,1311,12201410,,,,,,,,,13.000,131.000,,,,,,,,,,,,,,,33.250,34.080,33.770,1766000.000,0.017475,33.680,34.200,200767.000,2.000,2.000,33.250,,0.017475,0.006,0.006,0.001,0.001,0.007
75333,2002/01/16,,11,1,1311,12201410,BR,BURLINGTON RESOURCES INC,,BR,,N,A,R,20351,0,1,1311,12201410,,,,,,,,,13.000,131.000,,,,,,,,,,,,,,,33.080,33.780,33.500,899000.000,-0.007995,33.400,33.820,200767.000,2.000,2.000,33.770,,-0.007995,-0.016,-0.016,-0.011,-0.011,-0.016
75333,2002/01/17,,11,1,1311,12201410,BR,BURLINGTON RESOURCES INC,,BR,,N,A,R,20351,0,1,1311,12201410,,,,,,,,,13.000,131.000,,,,,,,,,,,,,,,33.250,33.850,33.340,860400.000,-0.004776,33.130,33.750,200767.000,2.000,2.000,33.700,,-0.004776,0.010,0.010,0.007,0.007,0.010
75333,2002/01/18,,11,1,1311,12201410,BR,BURLINGTON RESOURCES INC,,BR,,N,A,R,20351,0,1,1311,12201410,,,,,,,,,13.000,131.000,,,,,,,,,,,,,,,32.700,33.550,32.770,973000.000,-0.017097,32.670,33.210,200767.000,2.000,2.000,33.190,,-0.017097,-0.010,-0.010,-0.006,-0.006,-0.010
75333,2002/01/22,,11,1,1311,12201410,BR,BURLINGTON RESOURCES INC,,BR,,N,A,R,20351,0,1,1311,12201410,,,,,,,,,13.000,131.000,,,,,,,,,,,,,,,32.760,33.290,32.780,832600.000,0.000305,32.660,33.170,200767.000,2.000,2.000,33.000,,0.000305,-0.008,-0.008,-0.008,-0.008,-0.007
75333,2002/01/23,,11,1,1311,12201410,BR,BURLINGTON RESOURCES INC,,BR,,N,A,R,20351,0,1,1311,12201410,,,,,,,,,13.000,131.000,,,,,,,,,,,,,,,33.200,33.800,33.740,1214100.000,0.029286,33.620,33.730,200767.000,2.000,2.000,33.500,,0.029286,0.009,0.009,0.008,0.008,0.008
75333,2002/01/24,,11,1,1311,12201410,BR,BURLINGTON RESOURCES INC,,BR,,N,A,R,20351,0,1,1311,12201410,,,,,,,,,13.000,131.000,,,,,,,,,,,,,,,33.900,34.620,34.610,1268200.000,0.025785,34.490,35.030,200767.000,2.000,2.000,34.250,,0.025785,0.004,0.004,0.006,0.006,0.004
75333,2002/01/25,,11,1,1311,12201410,BR,BURLINGTON RESOURCES INC,,BR,,N,A,R,20351,0,1,1311,12201410,,,,,,,,,13.000,131.000,,,,,,,,,,,,,,,34.210,35.090,34.860,866500.000,0.007223,34.750,35.370,200767.000,2.000,2.000,34.500,,0.007223,0.001,0.001,0.000,0.000,0.001
75333,2002/01/28,,11,1,1311,12201410,BR,BURLINGTON RESOURCES INC,,BR,,N,A,R,20351,0,1,1311,12201410,,,,,,,,,13.000,131.000,,,,,,,,,,,,,,,33.800,35.320,33.900,1321300.000,-0.027539,33.770,34.220,200767.000,2.000,2.000,35.300,,-0.027539,0.000,0.000,0.000,0.000,-0.000
75333,2002/01/29,,11,1,1311,12201410,BR,BURLINGTON RESOURCES INC,,BR,,N,A,R,20351,0,1,1311,12201410,,,,,,,,,13.000,131.000,,,,,,,,,,,,,,,33.050,33.900,33.570,1062400.000,-0.009735,33.470,34.080,200767.000,2.000,2.000,33.900,,-0.009735,-0.025,-0.025,-0.011,-0.012,-0.029
75333,2002/01/30,,11,1,1311,12201410,BR,BURLINGTON RESOURCES INC,,BR,,N,A,R,20351,0,1,1311,12201410,,,,,,,,,13.000,131.000,,,,,,,,,,,,,,,32.300,33.500,33.350,2316900.000,-0.006554,33.200,33.810,200767.000,2.000,2.000,32.570,,-0.006554,0.010,0.010,0.004,0.004,0.012
75333,2002/01/31,,11,1,1311,12201410,BR,BURLINGTON RESOURCES INC,,BR,,N,A,R,20351,0,1,1311,12201410,,,,,,,,0.000,13.000,131.000,,,,,,,,,,,,,,,33.700,34.870,34.240,1033600.000,0.026687,34.080,34.640,200767.000,2.000,2.000,33.850,,0.026687,0.013,0.013,0.010,0.009,0.015
75333,2002/02/01,,11,1,1311,12201410,BR,BURLINGTON RESOURCES INC,,BR,,N,A,R,20351,0,1,1311,12201410,,,,,,,,,13.000,131.000,,,,,,,,,,,,,,,34.260,35.260,35.250,1745300.000,0.029498,35.010,35.820,200767.000,2.000,2.000,34.300,,0.029498,-0.006,-0.006,-0.002,-0.002,-0.007
75333,2002/02/04,,11,1,1311,12201410,BR,BURLINGTON RESOURCES INC,,BR,,N,A,R,20351,0,1,1311,12201410,,,,,,,,,13.000,131.000,,,,,,,,,,,,,,,33.690,35.200,33.850,832400.000,-0.039716,33.740,34.220,200767.000,2.000,2.000,35.150,,-0.039716,-0.024,-0.024,-0.016,-0.016,-0.025
75333,2002/02/05,,11,1,1311,12201410,BR,BURLINGTON RESOURCES INC,,BR,,N,A,R,20351,0,1,1311,12201410,,,,,,,,,13.000,131.000,,,,,,,,,,,,,,,33.570,34.750,34.200,746600.000,0.010340,34.030,34.540,200767.000,2.000,2.000,33.590,,0.010340,-0.005,-0.005,-0.008,-0.008,-0.004
75333,2002/02/06,,11,1,1311,12201410,BR,BURLINGTON RESOURCES INC,,BR,,N,A,R,20351,0,1,1311,12201410,,,,,,,,,13.000,131.000,,,,,,,,,,,,,,,34.000,34.980,34.240,766600.000,0.001170,34.130,34.740,200767.000,2.000,2.000,34.200,,0.001170,-0.007,-0.007,-0.010,-0.010,-0.006
75333,2002/02/07,,11,1,1311,12201410,BR,BURLINGTON RESOURCES INC,,BR,,N,A,R,20351,0,1,1311,12201410,,,,,,,,,13.000,131.000,,,,,,,,,,,,,,,33.550,34.460,33.960,592100.000,-0.008178,33.800,34.150,200767.000,2.000,2.000,34.230,,-0.008178,-0.004,-0.004,-0.006,-0.006,-0.003
75333,2002/02/08,,11,1,1311,12201410,BR,BURLINGTON RESOURCES INC,,BR,,N,A,R,20351,0,1,1311,12201410,,,,,,,,,13.000,131.000,,,,,,,,,,,,,,,33.700,35.000,34.340,451600.000,0.011190,34.250,34.800,200767.000,2.000,2.000,34.040,,0.011190,0.016,0.016,0.012,0.012,0.015
75333,2002/02/11,,11,1,1311,12201410,BR,BURLINGTON RESOURCES INC,,BR,,N,A,R,20351,0,1,1311,12201410,,,,,,,,,13.000,131.000,,,,,,,,,,,,,,,33.950,35.330,35.100,673500.000,0.022132,35.000,35.710,200767.000,2.000,2.000,34.340,,0.022132,0.013,0.013,0.008,0.008,0.014
75333,2002/02/12,,11,1,1311,12201410,BR,BURLINGTON RESOURCES INC,,BR,,N,A,R,20351,0,1,1311,12201410,,,,,,,,,13.000,131.000,,,,,,,,,,,,,,,34.350,35.140,34.530,709900.000,-0.016239,34.420,35.010,200767.000,2.000,2.000,34.850,,-0.016239,-0.003,-0.003,-0.000,-0.000,-0.004
75333,2002/02/13,,11,1,1311,12201410,BR,BURLINGTON RESOURCES INC,,BR,,N,A,R,20351,0,1,1311,12201410,,,,,,,,,13.000,131.000,,,,,,,,,,,,,,,34.060,34.840,34.780,658500.000,0.007240,34.660,35.220,200767.000,2.000,2.000,34.530,,0.007240,0.010,0.009,0.006,0.006,0.010
75333,2002/02/14,,11,1,1311,12201410,BR,BURLINGTON RESOURCES INC,,BR,,N,A,R,20351,0,1,1311,12201410,,,,,,,,,13.000,131.000,,,,,,,,,,,,,,,34.550,35.480,35.150,789600.000,0.010638,35.100,35.540,200767.000,2.000,2.000,35.010,,0.010638,-0.002,-0.003,-0.005,-0.005,-0.002
75333,2002/02/15,,11,1,1311,12201410,BR,BURLINGTON RESOURCES INC,,BR,,N,A,R,20351,0,1,1311,12201410,,,,,,,,,13.000,131.000,,,,,,,,,,,,,,,34.660,35.590,35.080,784400.000,-0.001991,34.970,35.520,200767.000,2.000,2.000,35.110,,-0.001991,-0.010,-0.010,-0.004,-0.004,-0.011
75333,2002/02/19,,11,1,1311,12201410,BR,BURLINGTON RESOURCES INC,,BR,,N,A,R,20351,0,1,1311,12201410,,,,,,,,,13.000,131.000,,,,,,,,,,,,,,,34.450,35.289,35.010,743500.000,-0.001996,34.900,35.380,200767.000,2.000,2.000,34.800,,-0.001996,-0.019,-0.019,-0.015,-0.015,-0.019
75333,2002/02/20,,11,1,1311,12201410,BR,BURLINGTON RESOURCES INC,,BR,,N,A,R,20351,0,1,1311,12201410,,,,,,,,,13.000,131.000,,,,,,,,,,,,,,,34.550,35.140,34.860,645300.000,-0.004284,34.800,35.250,200767.000,2.000,2.000,34.890,,-0.004284,0.013,0.013,0.005,0.005,0.014
75333,2002/02/21,,11,1,1311,12201410,BR,BURLINGTON RESOURCES INC,,BR,,N,A,R,20351,0,1,1311,12201410,,,,,,,,,13.000,131.000,,,,,,,,,,,,,,,34.960,36.300,35.700,1244600.000,0.024096,35.580,36.210,200767.000,2.000,2.000,34.990,,0.024096,-0.015,-0.015,-0.009,-0.009,-0.016
75333,2002/02/22,,11,1,1311,12201410,BR,BURLINGTON RESOURCES INC,,BR,,N,A,R,20351,0,1,1311,12201410,,,,,,,,,13.000,131.000,,,,,,,,,,,,,,,35.550,37.400,37.050,2100200.000,0.037815,36.950,37.750,200767.000,2.000,2.000,35.650,,0.037815,0.007,0.007,0.004,0.004,0.008
75333,2002/02/25,,11,1,1311,12201410,BR,BURLINGTON RESOURCES INC,,BR,,N,A,R,20351,0,1,1311,12201410,,,,,,,,,13.000,131.000,,,,,,,,,,,,,,,36.900,38.420,38.270,1354900.000,0.032929,38.110,38.880,200767.000,2.000,2.000,37.050,,0.032929,0.016,0.016,0.005,0.005,0.018
75333,2002/02/26,,11,1,1311,12201410,BR,BURLINGTON RESOURCES INC,,BR,,N,A,R,20351,0,1,1311,12201410,,,,,,,,,13.000,131.000,,,,,,,,,,,,,,,37.570,38.270,38.050,930300.000,-0.005749,37.950,38.760,200767.000,2.000,2.000,38.250,,-0.005749,0.001,0.001,0.003,0.003,-0.000
75333,2002/02/27,,11,1,1311,12201410,BR,BURLINGTON RESOURCES INC,,BR,,N,A,R,20351,0,1,1311,12201410,,,,,,,,,13.000,131.000,,,,,,,,,,,,,,,37.380,38.600,37.720,815800.000,-0.008673,37.570,38.030,200767.000,2.000,2.000,38.150,,-0.008673,0.001,0.001,0.003,0.003,0.000
75333,2002/02/28,,11,1,1311,12201410,BR,BURLINGTON RESOURCES INC,,BR,,N,A,R,20351,0,1,1311,12201410,,,,,,,,0.000,13.000,131.000,,,,,,,,,,,,,,,37.400,38.000,37.580,754100.000,-0.003712,37.510,38.010,200890.000,2.000,2.000,37.570,,-0.003712,-0.003,-0.003,-0.001,-0.001,-0.003
75333,2002/03/01,,11,1,1311,12201410,BR,BURLINGTON RESOURCES INC,,BR,,N,A,R,20351,0,1,1311,12201410,,,,,,,,,13.000,131.000,,,,,,,,,,,,,,,36.820,38.050,38.050,1403700.000,0.012507,37.700,38.460,200890.000,2.000,2.000,37.330,,0.012507,0.022,0.022,0.012,0.012,0.023
75333,2002/03/04,,11,1,1311,12201410,BR,BURLINGTON RESOURCES INC,,BR,,N,A,R,20351,0,1,1311,12201410,,,,,,,,,13.000,131.000,,,,,,,,,,,,,,,37.600,38.500,38.370,890600.000,0.008410,38.260,38.760,200890.000,2.000,2.000,37.960,,0.008410,0.020,0.020,0.015,0.015,0.019
75333,2002/03/05,,11,1,1311,12201410,BR,BURLINGTON RESOURCES INC,,BR,,N,A,R,20351,0,1,1311,12201410,,,,,,,,,13.000,131.000,,,,,,,,,,,,,,,37.600,38.590,38.590,766300.000,0.005734,38.280,38.860,200890.000,2.000,2.000,38.130,,0.005734,-0.005,-0.005,0.003,0.003,-0.007
75333,2002/03/06,,11,1,1311,12201410,BR,BURLINGTON RESOURCES INC,,BR,,N,A,R,20351,0,1,1311,12201410,2002/01/09,,,,,2002/04/01,2002/03/08,0.000,13.000,131.000,1232.000,0.138,0.000,0.000,,,,,,,,,,,37.850,39.380,39.330,1322400.000,0.022739,39.220,38.190,200890.000,2.000,2.000,38.400,,0.019176,0.014,0.014,0.013,0.012,0.015
75333,2002/03/07,,11,1,1311,12201410,BR,BURLINGTON RESOURCES INC,,BR,,N,A,R,20351,0,1,1311,12201410,,,,,,,,,13.000,131.000,,,,,,,,,,,,,,,39.500,41.220,40.290,1785800.000,0.024409,40.190,40.640,200890.000,2.000,2.000,39.750,,0.024409,-0.004,-0.004,0.004,0.004,-0.004
75333,2002/03/08,,11,1,1311,12201410,BR,BURLINGTON RESOURCES INC,,BR,,N,A,R,20351,0,1,1311,12201410,,,,,,,,,13.000,131.000,,,,,,,,,,,,,,,40.010,40.700,40.270,1487200.000,-0.000496,40.160,40.730,200890.000,2.000,2.000,40.290,,-0.000496,0.007,0.007,0.009,0.009,0.006
75333,2002/03/11,,11,1,1311,12201410,BR,BURLINGTON RESOURCES INC,,BR,,N,A,R,20351,0,1,1311,12201410,,,,,,,,,13.000,131.000,,,,,,,,,,,,,,,40.300,41.000,40.560,1566300.000,0.007201,40.450,40.920,200890.000,2.000,2.000,40.310,,0.007201,0.003,0.003,0.005,0.005,0.003
75333,2002/03/12,,11,1,1311,12201410,BR,BURLINGTON RESOURCES INC,,BR,,N,A,R,20351,0,1,1311,12201410,,,,,,,,,13.000,131.000,,,,,,,,,,,,,,,40.050,40.800,40.730,780100.000,0.004191,40.680,41.170,200890.000,2.000,2.000,40.060,,0.004191,-0.003,-0.003,-0.003,-0.003,-0.002
75333,2002/03/13,,11,1,1311,12201410,BR,BURLINGTON RESOURCES INC,,BR,,N,A,R,20351,0,1,1311,12201410,,,,,,,,,13.000,131.000,,,,,,,,,,,,,,,40.610,41.600,41.160,1191300.000,0.010557,41.080,41.600,200890.000,2.000,2.000,40.800,,0.010557,-0.009,-0.009,-0.003,-0.004,-0.010
75333,2002/03/14,,11,1,1311,12201410,BR,BURLINGTON RESOURCES INC,,BR,,N,A,R,20351,0,1,1311,12201410,,,,,,,,,13.000,131.000,,,,,,,,,,,,,,,40.400,41.070,41.070,848100.000,-0.002187,40.840,41.340,200890.000,2.000,2.000,40.910,,-0.002187,-0.000,-0.000,0.004,0.004,-0.001
75333,2002/03/15,,11,1,1311,12201410,BR,BURLINGTON RESOURCES INC,,BR,,N,A,R,20351,0,1,1311,12201410,,,,,,,,,13.000,131.000,,,,,,,,,,,,,,,40.600,41.500,40.790,1297900.000,-0.006818,40.690,40.830,200890.000,2.000,2.000,41.050,,-0.006818,0.010,0.010,0.005,0.005,0.011
75333,2002/03/18,,11,1,1311,12201410,BR,BURLINGTON RESOURCES INC,,BR,,N,A,R,20351,0,1,1311,12201410,,,,,,,,,13.000,131.000,,,,,,,,,,,,,,,40.150,40.960,40.800,1836800.000,0.000245,40.690,41.260,200890.000,2.000,2.000,40.790,,0.000245,0.001,0.001,0.005,0.005,-0.001
75333,2002/03/19,,11,1,1311,12201410,BR,BURLINGTON RESOURCES INC,,BR,,N,A,R,20351,0,1,1311,12201410,,,,,,,,,13.000,131.000,,,,,,,,,,,,,,,40.560,41.140,41.010,983500.000,0.005147,40.900,41.500,200890.000,2.000,2.000,40.740,,0.005147,0.003,0.003,0.003,0.003,0.004
75333,2002/03/20,,11,1,1311,12201410,BR,BURLINGTON RESOURCES INC,,BR,,N,A,R,20351,0,1,1311,12201410,,,,,,,,,13.000,131.000,,,,,,,,,,,,,,,40.100,41.450,40.730,770000.000,-0.006828,40.720,40.740,200890.000,2.000,2.000,40.600,,-0.006828,-0.014,-0.014,-0.006,-0.006,-0.016
75333,2002/03/21,,11,1,1311,12201410,BR,BURLINGTON RESOURCES INC,,BR,,N,A,R,20351,0,1,1311,12201410,,,,,,,,,13.000,131.000,,,,,,,,,,,,,,,40.330,41.330,41.180,657600.000,0.011048,41.180,41.190,200890.000,2.000,2.000,40.500,,0.011048,0.003,0.003,0.006,0.006,0.002
75333,2002/03/22,,11,1,1311,12201410,BR,BURLINGTON RESOURCES INC,,BR,,N,A,R,20351,0,1,1311,12201410,,,,,,,,,13.000,131.000,,,,,,,,,,,,,,,39.100,41.160,39.420,1720200.000,-0.042739,39.300,39.760,200890.000,2.000,2.000,41.150,,-0.042739,-0.004,-0.004,-0.000,-0.000,-0.004
75333,2002/03/25,,11,1,1311,12201410,BR,BURLINGTON RESOURCES INC,,BR,,N,A,R,20351,0,1,1311,12201410,,,,,,,,,13.000,131.000,,,,,,,,,,,,,,,39.070,40.020,39.800,1275600.000,0.009640,39.530,40.180,200890.000,2.000,2.000,39.170,,0.009640,-0.014,-0.014,-0.007,-0.007,-0.015
75333,2002/03/26,,11,1,1311,12201410,BR,BURLINGTON RESOURCES INC,,BR,,N,A,R,20351,0,1,1311,12201410,,,,,,,,,13.000,131.000,,,,,,,,,,,,,,,38.500,39.950,39.450,1110100.000,-0.008794,39.300,39.770,200890.000,2.000,2.000,39.750,,-0.008794,0.006,0.006,0.005,0.004,0.006
75333,2002/03/27,,11,1,1311,12201410,BR,BURLINGTON RESOURCES INC,,BR,,N,A,R,20351,0,1,1311,12201410,,,,,,,,,13.000,131.000,,,,,,,,,,,,,,,39.550,40.750,40.480,836500.000,0.026109,40.380,40.870,200890.000,2.000,2.000,39.550,,0.026109,0.006,0.005,0.006,0.006,0.005
75333,2002/03/28,,11,1,1311,12201410,BR,BURLINGTON RESOURCES INC,,BR,,N,A,R,20351,0,1,1311,12201410,,,,,,,,0.000,13.000,131.000,,,,,,,,,,,,,,,39.920,40.630,40.090,802700.000,-0.009634,39.990,40.520,200936.000,2.000,2.000,40.490,,-0.009634,0.003,0.003,0.006,0.006,0.002
75333,2002/04/01,,11,1,1311,12201410,BR,BURLINGTON RESOURCES INC,,BR,,N,A,R,20351,0,1,1311,12201410,,,,,,,,,13.000,131.000,,,,,,,,,,,,,,,40.250,41.140,41.020,1102100.000,0.023198,40.920,41.530,200936.000,2.000,2.000,40.340,,0.023198,-0.001,-0.001,-0.001,-0.001,-0.001
75333,2002/04/02,,11,1,1311,12201410,BR,BURLINGTON RESOURCES INC,,BR,,N,A,R,20351,0,1,1311,12201410,,,,,,,,,13.000,131.000,,,,,,,,,,,,,,,41.390,42.000,41.680,1221600.000,0.016090,41.560,42.090,200936.000,2.000,2.000,41.650,,0.016090,-0.009,-0.009,-0.005,-0.005,-0.009
75333,2002/04/03,,11,1,1311,12201410,BR,BURLINGTON RESOURCES INC,,BR,,N,A,R,20351,0,1,1311,12201410,,,,,,,,,13.000,131.000,,,,,,,,,,,,,,,40.390,41.690,40.480,1366700.000,-0.028791,40.380,40.590,200936.000,2.000,2.000,41.690,,-0.028791,-0.009,-0.010,-0.006,-0.006,-0.010
75333,2002/04/04,,11,1,1311,12201410,BR,BURLINGTON RESOURCES INC,,BR,,N,A,R,20351,0,1,1311,12201410,,,,,,,,,13.000,131.000,,,,,,,,,,,,,,,38.400,41.000,39.000,2091500.000,-0.036561,39.000,39.100,200936.000,2.000,2.000,40.900,,-0.036561,0.001,0.001,0.001,0.001,0.001
75333,2002/04/05,,11,1,1311,12201410,BR,BURLINGTON RESOURCES INC,,BR,,N,A,R,20351,0,1,1311,12201410,,,,,,,,,13.000,131.000,,,,,,,,,,,,,,,38.500,39.550,38.600,1754600.000,-0.010256,38.480,38.700,200936.000,2.000,2.000,39.250,,-0.010256,-0.003,-0.003,-0.000,-0.000,-0.003
75333,2002/04/08,,11,1,1311,12201410,BR,BURLINGTON RESOURCES INC,,BR,,N,A,R,20351,0,1,1311,12201410,,,,,,,,,13.000,131.000,,,,,,,,,,,,,,,39.250,40.150,39.980,1586100.000,0.035751,39.880,40.090,200936.000,2.000,2.000,39.950,,0.035751,0.003,0.003,0.003,0.002,0.002
75333,2002/04/09,,11,1,1311,12201410,BR,BURLINGTON RESOURCES INC,,BR,,N,A,R,20351,0,1,1311,12201410,,,,,,,,,13.000,131.000,,,,,,,,,,,,,,,38.740,39.850,39.210,987300.000,-0.019260,39.020,39.300,200936.000,2.000,2.000,39.850,,-0.019260,-0.006,-0.006,-0.002,-0.002,-0.007
75333,2002/04/10,,11,1,1311,12201410,BR,BURLINGTON RESOURCES INC,,BR,,N,A,R,20351,0,1,1311,12201410,,,,,,,,,13.000,131.000,,,,,,,,,,,,,,,39.130,40.570,40.570,1523900.000,0.034685,40.460,40.670,200936.000,2.000,2.000,39.150,,0.034685,0.011,0.011,0.009,0.008,0.011
75333,2002/04/11,,11,1,1311,12201410,BR,BURLINGTON RESOURCES INC,,BR,,N,A,R,20351,0,1,1311,12201410,,,,,,,,,13.000,131.000,,,,,,,,,,,,,,,40.130,41.600,41.100,1728000.000,0.013064,40.930,41.280,200936.000,2.000,2.000,40.450,,0.013064,-0.021,-0.021,-0.010,-0.010,-0.024
75333,2002/04/12,,11,1,1311,12201410,BR,BURLINGTON RESOURCES INC,,BR,,N,A,R,20351,0,1,1311,12201410,,,,,,,,,13.000,131.000,,,,,,,,,,,,,,,38.901,41.010,39.150,2079900.000,-0.047445,39.100,39.330,200936.000,2.000,2.000,41.000,,-0.047445,0.008,0.008,0.011,0.011,0.007
75333,2002/04/15,,11,1,1311,12201410,BR,BURLINGTON RESOURCES INC,,BR,,N,A,R,20351,0,1,1311,12201410,,,,,,,,,13.000,131.000,,,,,,,,,,,,,,,39.970,40.610,39.990,1711900.000,0.021456,39.850,40.100,200936.000,2.000,2.000,40.250,,0.021456,-0.006,-0.006,-0.001,-0.001,-0.008
75333,2002/04/16,,11,1,1311,12201410,BR,BURLINGTON RESOURCES INC,,BR,,N,A,R,20351,0,1,1311,12201410,,,,,,,,,13.000,131.000,,,,,,,,,,,,,,,40.150,40.740,40.700,1127700.000,0.017754,40.570,40.800,200936.000,2.000,2.000,40.700,,0.017754,0.022,0.022,0.016,0.016,0.023
75333,2002/04/17,,11,1,1311,12201410,BR,BURLINGTON RESOURCES INC,,BR,,N,A,R,20351,0,1,1311,12201410,,,,,,,,,13.000,131.000,,,,,,,,,,,,,,,41.300,42.030,41.890,957900.000,0.029238,41.880,41.890,200936.000,2.000,2.000,41.750,,0.029238,-0.002,-0.002,0.001,0.001,-0.002
75333,2002/04/18,,11,1,1311,12201410,BR,BURLINGTON RESOURCES INC,,BR,,N,A,R,20351,0,1,1311,12201410,,,,,,,,,13.000,131.000,,,,,,,,,,,,,,,41.870,42.740,42.270,1251500.000,0.009071,42.170,42.380,200936.000,2.000,2.000,42.300,,0.009071,-0.002,-0.002,0.003,0.003,-0.001
75333,2002/04/19,,11,1,1311,12201410,BR,BURLINGTON RESOURCES INC,,BR,,N,A,R,20351,0,1,1311,12201410,,,,,,,,,13.000,131.000,,,,,,,,,,,,,,,41.850,43.600,43.300,1361800.000,0.024367,43.190,43.400,200936.000,2.000,2.000,42.270,,0.024367,0.001,0.001,0.002,0.002,0.001
75333,2002/04/22,,11,1,1311,12201410,BR,BURLINGTON RESOURCES INC,,BR,,N,A,R,20351,0,1,1311,12201410,,,,,,,,,13.000,131.000,,,,,,,,,,,,,,,43.050,43.950,43.350,1598200.000,0.001155,43.250,43.470,200936.000,2.000,2.000,43.050,,0.001155,-0.015,-0.015,-0.008,-0.008,-0.015
75333,2002/04/23,,11,1,1311,12201410,BR,BURLINGTON RESOURCES INC,,BR,,N,A,R,20351,0,1,1311,12201410,,,,,,,,,13.000,131.000,,,,,,,,,,,,,,,42.910,44.950,44.320,1795600.000,0.022376,44.200,44.420,200936.000,2.000,2.000,43.300,,0.022376,-0.005,-0.005,-0.001,-0.001,-0.006
75333,2002/04/24,,11,1,1311,12201410,BR,BURLINGTON RESOURCES INC,,BR,,N,A,R,20351,0,1,1311,12201410,,,,,,,,,13.000,131.000,,,,,,,,,,,,,,,43.460,44.490,43.740,1603000.000,-0.013087,43.680,43.690,200936.000,2.000,2.000,43.600,,-0.013087,-0.006,-0.006,-0.002,-0.002,-0.007
75333,2002/04/25,,11,1,1311,12201410,BR,BURLINGTON RESOURCES INC,,BR,,N,A,R,20351,0,1,1311,12201410,,,,,,,,,13.000,131.000,,,,,,,,,,,,,,,43.450,44.600,44.250,1060700.000,0.011660,44.110,44.360,200936.000,2.000,2.000,43.900,,0.011660,-0.002,-0.002,-0.002,-0.002,-0.002
75333,2002/04/26,,11,1,1311,12201410,BR,BURLINGTON RESOURCES INC,,BR,,N,A,R,20351,0,1,1311,12201410,,,,,,,,,13.000,131.000,,,,,,,,,,,,,,,43.400,44.299,44.210,856400.000,-0.000904,44.200,44.210,200936.000,2.000,2.000,43.500,,-0.000904,-0.013,-0.014,-0.009,-0.009,-0.014
75333,2002/04/29,,11,1,1311,12201410,BR,BURLINGTON RESOURCES INC,,BR,,N,A,R,20351,0,1,1311,12201410,,,,,,,,,13.000,131.000,,,,,,,,,,,,,,,43.510,44.600,44.310,719100.000,0.002262,44.290,44.310,200936.000,2.000,2.000,43.960,,0.002262,-0.009,-0.009,-0.006,-0.006,-0.010
75333,2002/04/30,,11,1,1311,12201410,BR,BURLINGTON RESOURCES INC,,BR,,N,A,R,20351,0,1,1311,12201410,,,,,,,,0.000,13.000,131.000,,,,,,,,,,,,,,,44.000,44.700,44.430,1095600.000,0.002708,44.310,44.500,201154.000,2.000,2.000,44.060,,0.002708,0.012,0.012,0.010,0.010,0.011
75333,2002/05/01,,11,1,1311,12201410,BR,BURLINGTON RESOURCES INC,,BR,,N,A,R,20351,0,1,1311,12201410,,,,,,,,,13.000,131.000,,,,,,,,,,,,,,,43.850,44.740,44.490,1179100.000,0.001350,44.360,44.600,201154.000,2.000,2.000,43.900,,0.001350,0.008,0.007,0.001,0.001,0.009
75333,2002/05/02,,11,1,1311,12201410,BR,BURLINGTON RESOURCES INC,,BR,,N,A,R,20351,0,1,1311,12201410,,,,,,,,,13.000,131.000,,,,,,,,,,,,,,,44.010,44.880,44.830,1210800.000,0.007642,44.720,44.930,201154.000,2.000,2.000,44.160,,0.007642,-0.002,-0.002,0.000,0.000,-0.002
75333,2002/05/03,,11,1,1311,12201410,BR,BURLINGTON RESOURCES INC,,BR,,N,A,R,20351,0,1,1311,12201410,,,,,,,,,13.000,131.000,,,,,,,,,,,,,,,44.500,45.340,44.940,1356800.000,0.002454,44.800,45.010,201154.000,2.000,2.000,45.000,,0.002454,-0.009,-0.009,-0.002,-0.002,-0.010
75333,2002/05/06,,11,1,1311,12201410,BR,BURLINGTON RESOURCES INC,,BR,,N,A,R,20351,0,1,1311,12201410,,,,,,,,,13.000,131.000,,,,,,,,,,,,,,,42.970,44.410,43.000,1668600.000,-0.043169,42.900,43.110,201154.000,2.000,2.000,44.400,,-0.043169,-0.018,-0.018,-0.011,-0.011,-0.019
75333,2002/05/07,,11,1,1311,12201410,BR,BURLINGTON RESOURCES INC,,BR,,N,A,R,20351,0,1,1311,12201410,,,,,,,,,13.000,131.000,,,,,,,,,,,,,,,42.710,43.220,42.820,1407100.000,-0.004186,42.710,42.920,201154.000,2.000,2.000,43.000,,-0.004186,-0.004,-0.004,-0.006,-0.006,-0.003
75333,2002/05/08,,11,1,1311,12201410,BR,BURLINGTON RESOURCES INC,,BR,,N,A,R,20351,0,1,1311,12201410,,,,,,,,,13.000,131.000,,,,,,,,,,,,,,,43.400,44.000,43.950,931300.000,0.026390,43.940,43.960,201154.000,2.000,2.000,43.500,,0.026390,0.034,0.034,0.019,0.019,0.038
75333,2002/05/09,,11,1,1311,12201410,BR,BURLINGTON RESOURCES INC,,BR,,N,A,R,20351,0,1,1311,12201410,,,,,,,,,13.000,131.000,,,,,,,,,,,,,,,42.980,43.960,43.170,942400.000,-0.017747,43.060,43.270,201154.000,2.000,2.000,43.250,,-0.017747,-0.014,-0.014,-0.008,-0.008,-0.015
75333,2002/05/10,,11,1,1311,12201410,BR,BURLINGTON RESOURCES INC,,BR,,N,A,R,20351,0,1,1311,12201410,,,,,,,,,13.000,131.000,,,,,,,,,,,,,,,43.100,43.510,43.260,1031400.000,0.002085,43.120,43.360,201154.000,2.000,2.000,43.100,,0.002085,-0.015,-0.015,-0.008,-0.008,-0.017
75333,2002/05/13,,11,1,1311,12201410,BR,BURLINGTON RESOURCES INC,,BR,,N,A,R,20351,0,1,1311,12201410,,,,,,,,,13.000,131.000,,,,,,,,,,,,,,,42.640,44.100,44.030,889700.000,0.017799,43.920,44.170,201154.000,2.000,2.000,43.100,,0.017799,0.017,0.017,0.007,0.007,0.019
75333,2002/05/14,,11,1,1311,12201410,BR,BURLINGTON RESOURCES INC,,BR,,N,A,R,20351,0,1,1311,12201410,,,,,,,,,13.000,131.000,,,,,,,,,,,,,,,44.090,44.650,44.170,997000.000,0.003180,44.150,44.300,201154.000,2.000,2.000,44.250,,0.003180,0.021,0.021,0.015,0.015,0.021
75333,2002/05/15,,11,1,1311,12201410,BR,BURLINGTON RESOURCES INC,,BR,,N,A,R,20351,0,1,1311,12201410,,,,,,,,,13.000,131.000,,,,,,,,,,,,,,,42.910,43.790,43.010,1307200.000,-0.026262,42.900,43.090,201154.000,2.000,2.000,43.700,,-0.026262,-0.003,-0.004,0.001,0.001,-0.006
75333,2002/05/16,,11,1,1311,12201410,BR,BURLINGTON RESOURCES INC,,BR,,N,A,R,20351,0,1,1311,12201410,,,,,,,,,13.000,131.000,,,,,,,,,,,,,,,42.810,43.960,43.560,889900.000,0.012788,43.450,43.660,201154.000,2.000,2.000,42.900,,0.012788,0.004,0.003,-0.001,-0.001,0.007
75333,2002/05/17,,11,1,1311,12201410,BR,BURLINGTON RESOURCES INC,,BR,,N,A,R,20351,0,1,1311,12201410,,,,,,,,,13.000,131.000,,,,,,,,,,,,,,,42.250,43.120,42.960,891600.000,-0.013774,42.850,43.060,201154.000,2.000,2.000,42.800,,-0.013774,0.007,0.007,0.004,0.004,0.008
75333,2002/05/20,,11,1,1311,12201410,BR,BURLINGTON RESOURCES INC,,BR,,N,A,R,20351,0,1,1311,12201410,,,,,,,,,13.000,131.000,,,,,,,,,,,,,,,42.150,43.230,42.820,498900.000,-0.003259,42.750,42.960,201154.000,2.000,2.000,42.450,,-0.003259,-0.012,-0.012,-0.006,-0.006,-0.013
75333,2002/05/21,,11,1,1311,12201410,BR,BURLINGTON RESOURCES INC,,BR,,N,A,R,20351,0,1,1311,12201410,,,,,,,,,13.000,131.000,,,,,,,,,,,,,,,42.560,43.370,42.800,572900.000,-0.000467,42.700,42.910,201154.000,2.000,2.000,42.820,,-0.000467,-0.011,-0.011,-0.009,-0.009,-0.011
75333,2002/05/22,,11,1,1311,12201410,BR,BURLINGTON RESOURCES INC,,BR,,N,A,R,20351,0,1,1311,12201410,,,,,,,,,13.000,131.000,,,,,,,,,,,,,,,42.430,43.300,43.240,618500.000,0.010280,43.130,43.340,201154.000,2.000,2.000,42.570,,0.010280,0.004,0.004,-0.002,-0.002,0.006
75333,2002/05/23,,11,1,1311,12201410,BR,BURLINGTON RESOURCES INC,,BR,,N,A,R,20351,0,1,1311,12201410,,,,,,,,,13.000,131.000,,,,,,,,,,,,,,,42.600,43.490,43.240,617100.000,0.000000,43.090,43.320,201154.000,2.000,2.000,43.300,,0.000000,0.010,0.010,0.007,0.007,0.010
75333,2002/05/24,,11,1,1311,12201410,BR,BURLINGTON RESOURCES INC,,BR,,N,A,R,20351,0,1,1311,12201410,,,,,,,,,13.000,131.000,,,,,,,,,,,,,,,42.510,43.190,42.840,438600.000,-0.009251,42.750,42.960,201154.000,2.000,2.000,43.150,,-0.009251,-0.011,-0.011,-0.005,-0.005,-0.012
75333,2002/05/28,,11,1,1311,12201410,BR,BURLINGTON RESOURCES INC,,BR,,N,A,R,20351,0,1,1311,12201410,,,,,,,,,13.000,131.000,,,,,,,,,,,,,,,42.330,43.000,42.500,519900.000,-0.007937,42.490,42.560,201154.000,2.000,2.000,42.700,,-0.007937,-0.007,-0.007,-0.002,-0.002,-0.009
75333,2002/05/29,,11,1,1311,12201410,BR,BURLINGTON RESOURCES INC,,BR,,N,A,R,20351,0,1,1311,12201410,,,,,,,,,13.000,131.000,,,,,,,,,,,,,,,41.350,42.320,42.210,722700.000,-0.006824,42.100,42.210,201154.000,2.000,2.000,42.000,,-0.006824,-0.007,-0.007,-0.006,-0.006,-0.006
75333,2002/05/30,,11,1,1311,12201410,BR,BURLINGTON RESOURCES INC,,BR,,N,A,R,20351,0,1,1311,12201410,,,,,,,,,13.000,131.000,,,,,,,,,,,,,,,40.000,42.010,40.270,1917300.000,-0.045961,40.140,40.400,201154.000,2.000,2.000,41.300,,-0.045961,-0.002,-0.002,-0.001,-0.001,-0.003
75333,2002/05/31,,11,1,1311,12201410,BR,BURLINGTON RESOURCES INC,,BR,,N,A,R,20351,0,1,1311,12201410,,,,,,,,0.000,13.000,131.000,,,,,,,,,,,,,,,40.100,41.100,40.600,2250100.000,0.008195,40.470,40.610,201154.000,2.000,2.000,40.100,,0.008195,0.002,0.002,0.003,0.003,0.002
75333,2002/06/03,,11,1,1311,12201410,BR,BURLINGTON RESOURCES INC,,BR,,N,A,R,20351,0,1,1311,12201410,,,,,,,,,13.000,131.000,,,,,,,,,,,,,,,39.810,40.450,39.850,833500.000,-0.018473,39.720,39.840,201154.000,2.000,2.000,40.450,,-0.018473,-0.024,-0.024,-0.018,-0.018,-0.025
75333,2002/06/04,,11,1,1311,12201410,BR,BURLINGTON RESOURCES INC,,BR,,N,A,R,20351,0,1,1311,12201410,,,,,,,,,13.000,131.000,,,,,,,,,,,,,,,39.470,40.230,39.990,862700.000,0.003513,39.840,40.100,201154.000,2.000,2.000,39.970,,0.003513,-0.001,-0.001,-0.004,-0.004,0.000
75333,2002/06/05,,11,1,1311,12201410,BR,BURLINGTON RESOURCES INC,,BR,,N,A,R,20351,0,1,1311,12201410,2002/04/17,,,,,2002/07/02,2002/06/07,0.000,13.000,131.000,1232.000,0.138,0.000,0.000,,,,,,,,,,,38.730,39.650,39.100,1518300.000,-0.018817,39.060,39.090,201154.000,2.000,2.000,39.650,,-0.022256,0.008,0.007,0.000,0.000,0.009
75333,2002/06/06,,11,1,1311,12201410,BR,BURLINGTON RESOURCES INC,,BR,,N,A,R,20351,0,1,1311,12201410,,,,,,,,,13.000,131.000,,,,,,,,,,,,,,,38.010,39.650,38.400,1801100.000,-0.017903,38.260,38.490,201154.000,2.000,2.000,39.300,,-0.017903,-0.018,-0.018,-0.015,-0.015,-0.020
75333,2002/06/07,,11,1,1311,12201410,BR,BURLINGTON RESOURCES INC,,BR,,N,A,R,20351,0,1,1311,12201410,,,,,,,,,13.000,131.000,,,,,,,,,,,,,,,37.940,38.890,38.630,1356300.000,0.005990,38.520,38.730,201154.000,2.000,2.000,38.050,,0.005990,-0.000,-0.000,0.002,0.002,-0.002
75333,2002/06/10,,11,1,1311,12201410,BR,BURLINGTON RESOURCES INC,,BR,,N,A,R,20351,0,1,1311,12201410,,,,,,,,,13.000,131.000,,,,,,,,,,,,,,,37.490,38.600,37.620,1239200.000,-0.026146,37.500,37.710,201154.000,2.000,2.000,38.600,,-0.026146,0.002,0.002,-0.003,-0.003,0.003
75333,2002/06/11,,11,1,1311,12201410,BR,BURLINGTON RESOURCES INC,,BR,,N,A,R,20351,0,1,1311,12201410,,,,,,,,,13.000,131.000,,,,,,,,,,,,,,,37.010,37.950,37.160,1100800.000,-0.012228,37.150,37.180,201154.000,2.000,2.000,37.670,,-0.012228,-0.016,-0.016,-0.009,-0.009,-0.017
75333,2002/06/12,,11,1,1311,12201410,BR,BURLINGTON RESOURCES INC,,BR,,N,A,R,20351,0,1,1311,12201410,,,,,,,,,13.000,131.000,,,,,,,,,,,,,,,37.260,37.750,37.640,916600.000,0.012917,37.520,37.750,201154.000,2.000,2.000,37.300,,0.012917,0.005,0.004,-0.004,-0.005,0.007
75333,2002/06/13,,11,1,1311,12201410,BR,BURLINGTON RESOURCES INC,,BR,,N,A,R,20351,0,1,1311,12201410,,,,,,,,,13.000,131.000,,,,,,,,,,,,,,,37.050,38.500,37.710,1086000.000,0.001860,37.590,37.810,201154.000,2.000,2.000,37.580,,0.001860,-0.010,-0.010,-0.007,-0.007,-0.010
75333,2002/06/14,,11,1,1311,12201410,BR,BURLINGTON RESOURCES INC,,BR,,N,A,R,20351,0,1,1311,12201410,,,,,,,,,13.000,131.000,,,,,,,,,,,,,,,36.900,38.300,37.940,947000.000,0.006099,37.840,38.090,201154.000,2.000,2.000,37.050,,0.006099,-0.001,-0.001,0.000,0.000,-0.002
75333,2002/06/17,,11,1,1311,12201410,BR,BURLINGTON RESOURCES INC,,BR,,N,A,R,20351,0,1,1311,12201410,,,,,,,,,13.000,131.000,,,,,,,,,,,,,,,38.320,39.360,39.150,748400.000,0.031893,39.180,39.190,201154.000,2.000,2.000,38.350,,0.031893,0.027,0.027,0.015,0.015,0.029
75333,2002/06/18,,11,1,1311,12201410,BR,BURLINGTON RESOURCES INC,,BR,,N,A,R,20351,0,1,1311,12201410,,,,,,,,,13.000,131.000,,,,,,,,,,,,,,,38.920,39.670,38.920,854900.000,-0.005875,38.970,38.990,201154.000,2.000,2.000,39.150,,-0.005875,0.000,0.000,-0.000,-0.001,0.001
75333,2002/06/19,,11,1,1311,12201410,BR,BURLINGTON RESOURCES INC,,BR,,N,A,R,20351,0,1,1311,12201410,,,,,,,,,13.000,131.000,,,,,,,,,,,,,,,38.400,39.530,39.130,951700.000,0.005396,38.830,39.200,201154.000,2.000,2.000,38.920,,0.005396,-0.016,-0.016,-0.014,-0.015,-0.017
75333,2002/06/20,,11,1,1311,12201410,BR,BURLINGTON RESOURCES INC,,BR,,N,A,R,20351,0,1,1311,12201410,,,,,,,,,13.000,131.000,,,,,,,,,,,,,,,38.880,39.900,39.050,1505700.000,-0.002045,38.980,39.060,201154.000,2.000,2.000,39.550,,-0.002045,-0.013,-0.013,-0.004,-0.004,-0.013
75333,2002/06/21,,11,1,1311,12201410,BR,BURLINGTON RESOURCES INC,,BR,,N,A,R,20351,0,1,1311,12201410,,,,,,,,,13.000,131.000,,,,,,,,,,,,,,,38.160,39.530,38.700,1086700.000,-0.008963,38.580,38.790,201154.000,2.000,2.000,38.800,,-0.008963,-0.014,-0.014,-0.002,-0.002,-0.017
75333,2002/06/24,,11,1,1311,12201410,BR,BURLINGTON RESOURCES INC,,BR,,N,A,R,20351,0,1,1311,12201410,,,,,,,,,13.000,131.000,,,,,,,,,,,,,,,38.620,39.640,39.460,1111500.000,0.019638,39.350,39.560,201154.000,2.000,2.000,39.200,,0.019638,0.001,0.001,-0.005,-0.005,0.004
75333,2002/06/25,,11,1,1311,12201410,BR,BURLINGTON RESOURCES INC,,BR,,N,A,R,20351,0,1,1311,12201410,,,,,,,,,13.000,131.000,,,,,,,,,,,,,,,39.100,40.080,39.100,769400.000,-0.009123,39.040,39.250,201154.000,2.000,2.000,39.720,,-0.009123,-0.015,-0.015,-0.008,-0.008,-0.017
75333,2002/06/26,,11,1,1311,12201410,BR,BURLINGTON RESOURCES INC,,BR,,N,A,R,20351,0,1,1311,12201410,,,,,,,,,13.000,131.000,,,,,,,,,,,,,,,38.550,39.340,39.250,1100200.000,0.003836,39.090,39.350,201154.000,2.000,2.000,39.070,,0.003836,-0.003,-0.004,-0.008,-0.009,-0.003
75333,2002/06/27,,11,1,1311,12201410,BR,BURLINGTON RESOURCES INC,,BR,,N,A,R,20351,0,1,1311,12201410,,,,,,,,,13.000,131.000,,,,,,,,,,,,,,,38.400,39.250,38.810,1133900.000,-0.011210,38.670,38.910,201154.000,2.000,2.000,39.250,,-0.011210,0.016,0.016,0.012,0.011,0.018
75333,2002/06/28,,11,1,1311,12201410,BR,BURLINGTON RESOURCES INC,,BR,,N,A,R,20351,0,1,1311,12201410,,,,,,,,0.000,13.000,131.000,,,,,,,,,,,,,,,38.000,39.450,38.000,1381400.000,-0.020871,38.630,38.900,201154.000,2.000,2.000,38.850,,-0.020871,0.002,0.002,0.012,0.012,-0.001
75333,2002/07/01,,11,1,1311,12201410,BR,BURLINGTON RESOURCES INC,,BR,,N,A,R,20351,0,1,1311,12201410,,,,,,,,,13.000,131.000,,,,,,,,,,,,,,,38.020,38.570,38.030,1139400.000,0.000789,38.010,38.040,201154.000,2.000,2.000,38.300,,0.000789,-0.022,-0.022,-0.019,-0.019,-0.021
75333,2002/07/02,,11,1,1311,12201410,BR,BURLINGTON RESOURCES INC,,BR,,N,A,R,20351,0,1,1311,12201410,,,,,,,,,13.000,131.000,,,,,,,,,,,,,,,37.170,38.410,37.420,933400.000,-0.016040,37.310,37.550,201154.000,2.000,2.000,38.250,,-0.016040,-0.022,-0.023,-0.023,-0.023,-0.021
75333,2002/07/03,,11,1,1311,12201410,BR,BURLINGTON RESOURCES INC,,BR,,N,A,R,20351,0,1,1311,12201410,,,,,,,,,13.000,131.000,,,,,,,,,,,,,,,37.040,38.100,37.940,982700.000,0.013896,37.840,38.050,201154.000,2.000,2.000,37.500,,0.013896,0.004,0.004,-0.005,-0.005,0.006
75333,2002/07/05,,11,1,1311,12201410,BR,BURLINGTON RESOURCES INC,,BR,,N,A,R,20351,0,1,1311,12201410,,,,,,,,,13.000,131.000,,,,,,,,,,,,,,,37.750,38.740,38.620,394300.000,0.017923,38.510,38.720,201154.000,2.000,2.000,37.750,,0.017923,0.034,0.034,0.022,0.022,0.037
75333,2002/07/08,,11,1,1311,12201410,BR,BURLINGTON RESOURCES INC,,BR,,N,A,R,20351,0,1,1311,12201410,,,,,,,,,13.000,131.000,,,,,,,,,,,,,,,37.820,38.780,38.080,837700.000,-0.013982,37.970,38.180,201154.000,2.000,2.000,38.520,,-0.013982,-0.011,-0.012,-0.008,-0.008,-0.012
75333,2002/07/09,,11,1,1311,12201410,BR,BURLINGTON RESOURCES INC,,BR,,N,A,R,20351,0,1,1311,12201410,,,,,,,,,13.000,131.000,,,,,,,,,,,,,,,37.290,38.550,37.290,842000.000,-0.020746,37.280,37.500,201154.000,2.000,2.000,38.000,,-0.020746,-0.022,-0.022,-0.007,-0.007,-0.025
75333,2002/07/10,,11,1,1311,12201410,BR,BURLINGTON RESOURCES INC,,BR,,N,A,R,20351,0,1,1311,12201410,,,,,,,,,13.000,131.000,,,,,,,,,,,,,,,35.700,37.650,35.750,1458400.000,-0.041298,35.700,35.760,201154.000,2.000,2.000,37.550,,-0.041298,-0.030,-0.030,-0.016,-0.016,-0.034
75333,2002/07/11,,11,1,1311,12201410,BR,BURLINGTON RESOURCES INC,,BR,,N,A,R,20351,0,1,1311,12201410,,,,,,,,,13.000,131.000,,,,,,,,,,,,,,,35.250,35.990,35.760,1301500.000,0.000280,35.660,35.740,201154.000,2.000,2.000,35.750,,0.000280,0.005,0.005,-0.004,-0.004,0.007
75333,2002/07/12,,11,1,1311,12201410,BR,BURLINGTON RESOURCES INC,,BR,,N,A,R,20351,0,1,1311,12201410,,,,,,,,,13.000,131.000,,,,,,,,,,,,,,,35.540,36.780,35.950,1192300.000,0.005313,35.850,36.060,201154.000,2.000,2.000,36.600,,0.005313,-0.006,-0.006,-0.002,-0.002,-0.006
75333,2002/07/15,,11,1,1311,12201410,BR,BURLINGTON RESOURCES INC,,BR,,N,A,R,20351,0,1,1311,12201410,,,,,,,,,13.000,131.000,,,,,,,,,,,,,,,34.650,36.010,36.010,1289900.000,0.001669,35.870,36.110,201154.000,2.000,2.000,36.010,,0.001669,-0.005,-0.005,-0.010,-0.010,-0.004
75333,2002/07/16,,11,1,1311,12201410,BR,BURLINGTON RESOURCES INC,,BR,,N,A,R,20351,0,1,1311,12201410,,,,,,,,,13.000,131.000,,,,,,,,,,,,,,,34.800,35.980,35.370,1602000.000,-0.017773,35.350,35.370,201154.000,2.000,2.000,35.400,,-0.017773,-0.014,-0.014,-0.000,-0.000,-0.018
75333,2002/07/17,,11,1,1311,12201410,BR,BURLINGTON RESOURCES INC,,BR,,N,A,R,20351,0,1,1311,12201410,,,,,,,,,13.000,131.000,,,,,,,,,,,,,,,35.500,37.030,36.130,1565300.000,0.021487,35.980,36.230,201154.000,2.000,2.000,36.500,,0.021487,0.006,0.006,0.005,0.005,0.006
75333,2002/07/18,,11,1,1311,12201410,BR,BURLINGTON RESOURCES INC,,BR,,N,A,R,20351,0,1,1311,12201410,,,,,,,,,13.000,131.000,,,,,,,,,,,,,,,35.530,36.540,35.670,1290700.000,-0.012732,35.550,35.760,201154.000,2.000,2.000,36.130,,-0.012732,-0.025,-0.025,-0.014,-0.014,-0.027
75333,2002/07/19,,11,1,1311,12201410,BR,BURLINGTON RESOURCES INC,,BR,,N,A,R,20351,0,1,1311,12201410,,,,,,,,,13.000,131.000,,,,,,,,,,,,,,,34.270,35.600,34.310,1490400.000,-0.038127,34.180,34.410,201154.000,2.000,2.000,35.400,,-0.038127,-0.033,-0.033,-0.019,-0.019,-0.038
