PERMNO,date,NAMEENDT,SHRCD,EXCHCD,SICCD,NCUSIP,TICKER,COMNAM,SHRCLS,TSYMBOL,NAICS,PRIMEXCH,TRDSTAT,SECSTAT,PERMCO,ISSUNO,HEXCD,HSICCD,CUSIP,DCLRDT,DLAMT,DLPDT,DLSTCD,NEXTDT,PAYDT,RCRDDT,SHRFLG,HSICMG,HSICIG,DISTCD,DIVAMT,FACPR,FACSHR,ACPERM,ACCOMP,NWPERM,DLRETX,DLPRC,DLRET,TRTSCD,NMSIND,MMCNT,NSDINX,BIDLO,ASKHI,PRC,VOL,RET,BID,ASK,SHROUT,CFACPR,CFACSHR,OPENPRC,NUMTRD,RETX,vwretd,vwretx,ewretd,ewretx,sprtrn
10362,2001/01/02,,11,3,7360,12364910,BUTL,BUTLER INTERNATIONAL INC NEW,,BUTL,,Q,A,R,8283,10884,3,7360,12364910,,,,,,,,0.000,,,,,,,,,,,,,1.000,2.000,10.000,22.000,4.250,4.938,4.750,5231.000,0.027027,4.688,4.875,9419.000,1.000,1.000,4.750,13.000,0.027027,-0.034,-0.034,-0.001,-0.001,-0.028
10362,2001/01/03,,11,3,7360,12364910,BUTL,BUTLER INTERNATIONAL INC NEW,,BUTL,,Q,A,R,8283,10884,3,7360,12364910,,,,,,,,0.000,,,,,,,,,,,,,1.000,2.000,11.000,22.000,4.688,4.875,4.875,6312.000,0.026316,4.625,4.875,9419.000,1.000,1.000,4.688,17.000,0.026316,0.053,0.053,0.046,0.046,0.050
10362,2001/01/04,,11,3,7360,12364910,BUTL,BUTLER INTERNATIONAL INC NEW,,BUTL,,Q,A,R,8283,10884,3,7360,12364910,,,,,,,,,,,,,,,,,,,,,,,,,4.375,4.875,4.875,14495.000,0.000000,4.375,4.625,9419.000,1.000,1.000,4.750,41.000,0.000000,-0.012,-0.012,0.011,0.011,-0.011
10362,2001/01/05,,11,3,7360,12364910,BUTL,BUTLER INTERNATIONAL INC NEW,,BUTL,,Q,A,R,8283,10884,3,7360,12364910,,,,,,,,0.000,,,,,,,,,,,,,1.000,2.000,12.000,22.000,4.375,4.625,4.375,2915.000,-0.102564,4.250,4.625,9419.000,1.000,1.000,4.625,6.000,-0.102564,-0.029,-0.029,-0.009,-0.009,-0.026
10362,2001/01/08,,11,3,7360,12364910,BUTL,BUTLER INTERNATIONAL INC NEW,,BUTL,,Q,A,R,8283,10884,3,7360,12364910,,,,,,,,0.000,,,,,,,,,,,,,1.000,2.000,14.000,22.000,4.000,5.000,4.625,44862.000,0.057143,4.500,4.750,9419.000,1.000,1.000,4.375,88.000,0.057143,-0.003,-0.004,-0.005,-0.005,-0.002
10362,2001/01/09,,11,3,7360,12364910,BUTL,BUTLER INTERNATIONAL INC NEW,,BUTL,,Q,A,R,8283,10884,3,7360,12364910,,,,,,,,0.000,,,,,,,,,,,,,1.000,2.000,15.000,22.000,4.375,4.812,4.625,31309.000,0.000000,4.500,4.625,9419.000,1.000,1.000,4.500,49.000,0.000000,0.005,0.005,0.012,0.012,0.004
10362,2001/01/10,,11,3,7360,12364910,BUTL,BUTLER INTERNATIONAL INC NEW,,BUTL,,Q,A,R,8283,10884,3,7360,12364910,,,,,,,,0.000,,,,,,,,,,,,,1.000,2.000,12.000,22.000,4.500,5.000,5.000,76108.000,0.081081,4.750,5.000,9419.000,1.000,1.000,4.875,63.000,0.081081,0.014,0.014,0.021,0.020,0.010
10362,2001/01/11,,11,3,7360,12364910,BUTL,BUTLER INTERNATIONAL INC NEW,,BUTL,,Q,A,R,8283,10884,3,7360,12364910,,,,,,,,0.000,,,,,,,,,,,,,1.000,2.000,11.000,22.000,4.625,5.000,5.000,38233.000,0.000000,4.875,5.000,9419.000,1.000,1.000,5.000,50.000,0.000000,0.015,0.015,0.027,0.027,0.010
10362,2001/01/12,,11,3,7360,12364910,BUTL,BUTLER INTERNATIONAL INC NEW,,BUTL,,Q,A,R,8283,10884,3,7360,12364910,,,,,,,,0.000,,,,,,,,,,,,,1.000,2.000,13.000,22.000,5.000,5.500,5.250,35500.000,0.050000,4.938,5.250,9419.000,1.000,1.000,5.250,43.000,0.050000,-0.004,-0.004,0.019,0.019,-0.006
10362,2001/01/16,,11,3,7360,12364910,BUTL,BUTLER INTERNATIONAL INC NEW,,BUTL,,Q,A,R,8283,10884,3,7360,12364910,,,,,,,,0.000,,,,,,,,,,,,,1.000,2.000,12.000,22.000,5.000,5.500,5.250,30295.000,0.000000,5.250,5.500,9419.000,1.000,1.000,5.250,43.000,0.000000,0.006,0.006,0.019,0.019,0.006
10362,2001/01/17,,11,3,7360,12364910,BUTL,BUTLER INTERNATIONAL INC NEW,,BUTL,,Q,A,R,8283,10884,3,7360,12364910,,,,,,,,,,,,,,,,,,,,,,,,,5.125,5.750,5.500,32242.000,0.047619,5.375,5.750,9419.000,1.000,1.000,5.500,60.000,0.047619,0.004,0.004,0.013,0.013,0.002
10362,2001/01/18,,11,3,7360,12364910,BUTL,BUTLER INTERNATIONAL INC NEW,,BUTL,,Q,A,R,8283,10884,3,7360,12364910,,,,,,,,0.000,,,,,,,,,,,,,1.000,2.000,13.000,22.000,4.875,5.375,5.000,24115.000,-0.090909,4.875,5.125,9419.000,1.000,1.000,5.375,42.000,-0.090909,0.012,0.012,0.009,0.008,0.014
10362,2001/01/19,,11,3,7360,12364910,BUTL,BUTLER INTERNATIONAL INC NEW,,BUTL,,Q,A,R,8283,10884,3,7360,12364910,,,,,,,,0.000,,,,,,,,,,,,,1.000,2.000,11.000,22.000,4.875,5.062,4.938,11370.000,-0.012500,4.938,5.062,9419.000,1.000,1.000,5.000,12.000,-0.012500,-0.004,-0.004,0.004,0.004,-0.004
10362,2001/01/22,,11,3,7360,12364910,BUTL,BUTLER INTERNATIONAL INC NEW,,BUTL,,Q,A,R,8283,10884,3,7360,12364910,,,,,,,,0.000,,,,,,,,,,,,,1.000,2.000,13.000,22.000,5.000,5.750,5.500,25318.000,0.113924,5.375,5.750,9419.000,1.000,1.000,5.000,30.000,0.113924,0.000,0.000,0.005,0.005,0.000
10362,2001/01/23,,11,3,7360,12364910,BUTL,BUTLER INTERNATIONAL INC NEW,,BUTL,,Q,A,R,8283,10884,3,7360,12364910,,,,,,,,0.000,,,,,,,,,,,,,1.000,2.000,12.000,22.000,5.375,5.750,5.375,26671.000,-0.022727,5.625,5.750,9419.000,1.000,1.000,5.438,27.000,-0.022727,0.016,0.016,0.015,0.015,0.013
10362,2001/01/24,,11,3,7360,12364910,BUTL,BUTLER INTERNATIONAL INC NEW,,BUTL,,Q,A,R,8283,10884,3,7360,12364910,,,,,,,,0.000,,,,,,,,,,,,,1.000,2.000,13.000,22.000,5.500,5.750,5.625,37153.000,0.046512,5.625,5.750,9419.000,1.000,1.000,5.500,28.000,0.046512,0.003,0.003,0.007,0.007,0.003
10362,2001/01/25,,11,3,7360,12364910,BUTL,BUTLER INTERNATIONAL INC NEW,,BUTL,,Q,A,R,8283,10884,3,7360,12364910,,,,,,,,0.000,,,,,,,,,,,,,1.000,2.000,12.000,22.000,5.500,5.750,5.625,10100.000,0.000000,5.500,5.625,9419.000,1.000,1.000,5.750,21.000,0.000000,-0.008,-0.008,-0.003,-0.003,-0.005
10362,2001/01/26,,11,3,7360,12364910,BUTL,BUTLER INTERNATIONAL INC NEW,,BUTL,,Q,A,R,8283,10884,3,7360,12364910,,,,,,,,,,,,,,,,,,,,,,,,,5.000,5.625,5.250,9377.000,-0.066667,5.000,5.250,9419.000,1.000,1.000,5.625,26.000,-0.066667,-0.001,-0.001,0.002,0.002,-0.002
10362,2001/01/29,,11,3,7360,12364910,BUTL,BUTLER INTERNATIONAL INC NEW,,BUTL,,Q,A,R,8283,10884,3,7360,12364910,,,,,,,,0.000,,,,,,,,,,,,,1.000,2.000,13.000,22.000,4.875,5.250,5.188,29620.000,-0.011905,4.938,5.188,9419.000,1.000,1.000,5.000,53.000,-0.011905,0.009,0.009,0.010,0.010,0.007
10362,2001/01/30,,11,3,7360,12364910,BUTL,BUTLER INTERNATIONAL INC NEW,,BUTL,,Q,A,R,8283,10884,3,7360,12364910,,,,,,,,0.000,,,,,,,,,,,,,1.000,2.000,11.000,22.000,5.000,5.000,5.000,290.000,-0.036145,5.062,5.188,9419.000,1.000,1.000,5.000,1.000,-0.036145,0.007,0.007,0.010,0.009,0.007
10362,2001/01/31,,11,3,7360,12364910,BUTL,BUTLER INTERNATIONAL INC NEW,,BUTL,,Q,A,R,8283,10884,3,7360,12364910,,,,,,,,0.000,,,,,,,,,,,,,1.000,2.000,12.000,22.000,4.984,5.062,5.000,35975.000,0.000000,5.000,5.188,9419.000,1.000,1.000,5.062,82.000,0.000000,-0.007,-0.007,-0.000,-0.000,-0.006
10362,2001/02/01,,11,3,7360,12364910,BUTL,BUTLER INTERNATIONAL INC NEW,,BUTL,,Q,A,R,8283,10884,3,7360,12364910,,,,,,,,,,,,,,,,,,,,,,,,,5.000,5.000,5.000,16705.000,0.000000,5.000,5.188,9419.000,1.000,1.000,5.000,12.000,0.000000,0.004,0.004,0.002,0.002,0.005
10362,2001/02/02,,11,3,7360,12364910,BUTL,BUTLER INTERNATIONAL INC NEW,,BUTL,,Q,A,R,8283,10884,3,7360,12364910,,,,,,,,0.000,,,,,,,,,,,,,1.000,2.000,14.000,22.000,4.938,5.625,5.625,35276.000,0.125000,5.500,5.750,9419.000,1.000,1.000,5.000,38.000,0.125000,-0.019,-0.019,-0.009,-0.009,-0.017
10362,2001/02/05,,11,3,7360,12364910,BUTL,BUTLER INTERNATIONAL INC NEW,,BUTL,,Q,A,R,8283,10884,3,7360,12364910,,,,,,,,0.000,,,,,,,,,,,,,1.000,2.000,11.000,22.000,5.125,5.734,5.500,39584.000,-0.022222,5.375,5.625,9419.000,1.000,1.000,5.500,57.000,-0.022222,0.002,0.002,-0.004,-0.004,0.004
10362,2001/02/06,,11,3,7360,12364910,BUTL,BUTLER INTERNATIONAL INC NEW,,BUTL,,Q,A,R,8283,10884,3,7360,12364910,,,,,,,,0.000,,,,,,,,,,,,,1.000,2.000,12.000,22.000,5.000,5.625,5.625,492890.000,0.022727,5.375,5.625,9419.000,1.000,1.000,5.375,21.000,0.022727,0.000,0.000,0.002,0.002,-0.002
10362,2001/02/07,,11,3,7360,12364910,BUTL,BUTLER INTERNATIONAL INC NEW,,BUTL,,Q,A,R,8283,10884,3,7360,12364910,,,,,,,,,,,,,,,,,,,,,,,,,5.688,5.688,5.688,7686.000,0.011111,5.500,5.625,9419.000,1.000,1.000,5.688,3.000,0.011111,-0.009,-0.009,-0.004,-0.004,-0.008
10362,2001/02/08,,11,3,7360,12364910,BUTL,BUTLER INTERNATIONAL INC NEW,,BUTL,,Q,A,R,8283,10884,3,7360,12364910,,,,,,,,0.000,,,,,,,,,,,,,1.000,2.000,13.000,22.000,5.250,5.625,5.250,22387.000,-0.076923,5.250,5.500,9419.000,1.000,1.000,5.625,13.000,-0.076923,-0.006,-0.007,-0.003,-0.003,-0.006
10362,2001/02/09,,11,3,7360,12364910,BUTL,BUTLER INTERNATIONAL INC NEW,,BUTL,,Q,A,R,8283,10884,3,7360,12364910,,,,,,,,0.000,,,,,,,,,,,,,1.000,2.000,12.000,22.000,5.000,5.188,5.125,6158.000,-0.023810,5.125,5.250,9419.000,1.000,1.000,5.000,9.000,-0.023810,-0.014,-0.014,-0.009,-0.009,-0.013
10362,2001/02/12,,11,3,7360,12364910,BUTL,BUTLER INTERNATIONAL INC NEW,,BUTL,,Q,A,R,8283,10884,3,7360,12364910,,,,,,,,,,,,,,,,,,,,,,,,,5.000,5.438,5.375,30700.000,0.048780,5.250,5.438,9419.000,1.000,1.000,5.375,35.000,0.048780,0.010,0.010,0.005,0.005,0.012
10362,2001/02/13,,11,3,7360,12364910,BUTL,BUTLER INTERNATIONAL INC NEW,,BUTL,,Q,A,R,8283,10884,3,7360,12364910,,,,,,,,0.000,,,,,,,,,,,,,1.000,2.000,11.000,22.000,5.250,5.438,5.375,14000.000,0.000000,5.250,5.375,9419.000,1.000,1.000,5.438,17.000,0.000000,-0.009,-0.009,-0.003,-0.004,-0.009
10362,2001/02/14,,11,3,7360,12364910,BUTL,BUTLER INTERNATIONAL INC NEW,,BUTL,,Q,A,R,8283,10884,3,7360,12364910,,,,,,,,0.000,,,,,,,,,,,,,1.000,2.000,12.000,22.000,5.000,5.000,5.000,36472.000,-0.069767,5.000,5.125,9419.000,1.000,1.000,5.000,24.000,-0.069767,-0.000,-0.000,-0.000,-0.001,-0.002
10362,2001/02/15,,11,3,7360,12364910,BUTL,BUTLER INTERNATIONAL INC NEW,,BUTL,,Q,A,R,8283,10884,3,7360,12364910,,,,,,,,,,,,,,,,,,,,,,,,,5.000,5.250,5.000,2890.000,0.000000,4.938,5.188,9419.000,1.000,1.000,5.250,5.000,0.000000,0.009,0.009,0.009,0.009,0.008
10362,2001/02/16,,11,3,7360,12364910,BUTL,BUTLER INTERNATIONAL INC NEW,,BUTL,,Q,A,R,8283,10884,3,7360,12364910,,,,,,,,,,,,,,,,,,,,,,,,,4.875,5.000,4.875,5600.000,-0.025000,4.875,5.000,9419.000,1.000,1.000,5.000,15.000,-0.025000,-0.021,-0.021,-0.014,-0.014,-0.019
10362,2001/02/20,,11,3,7360,12364910,BUTL,BUTLER INTERNATIONAL INC NEW,,BUTL,,Q,A,R,8283,10884,3,7360,12364910,,,,,,,,,,,,,,,,,,,,,,,,,4.500,5.000,5.000,80704.000,0.025641,4.875,5.000,9419.000,1.000,1.000,4.875,50.000,0.025641,-0.019,-0.019,-0.012,-0.012,-0.017
10362,2001/02/21,,11,3,7360,12364910,BUTL,BUTLER INTERNATIONAL INC NEW,,BUTL,,Q,A,R,8283,10884,3,7360,12364910,,,,,,,,0.000,,,,,,,,,,,,,1.000,2.000,11.000,22.000,4.375,4.500,4.375,13312.000,-0.125000,4.375,4.500,9419.000,1.000,1.000,4.500,18.000,-0.125000,-0.018,-0.018,-0.016,-0.016,-0.019
10362,2001/02/22,,11,3,7360,12364910,BUTL,BUTLER INTERNATIONAL INC NEW,,BUTL,,Q,A,R,8283,10884,3,7360,12364910,,,,,,,,0.000,,,,,,,,,,,,,1.000,2.000,12.000,22.000,4.312,4.312,4.312,1520.000,-0.014286,4.312,4.500,9419.000,1.000,1.000,4.312,3.000,-0.014286,-0.005,-0.005,-0.011,-0.011,-0.002
10362,2001/02/23,,11,3,7360,12364910,BUTL,BUTLER INTERNATIONAL INC NEW,,BUTL,,Q,A,R,8283,10884,3,7360,12364910,,,,,,,,0.000,,,,,,,,,,,,,1.000,2.000,11.000,22.000,4.250,4.375,4.250,10930.000,-0.014493,4.250,4.500,9419.000,1.000,1.000,4.312,12.000,-0.014493,-0.004,-0.004,-0.003,-0.003,-0.006
10362,2001/02/26,,11,3,7360,12364910,BUTL,BUTLER INTERNATIONAL INC NEW,,BUTL,,Q,A,R,8283,10884,3,7360,12364910,,,,,,,,0.000,,,,,,,,,,,,,1.000,2.000,12.000,22.000,4.250,5.125,5.125,12986.000,0.205882,4.875,5.188,9419.000,1.000,1.000,4.500,22.000,0.205882,0.019,0.019,0.016,0.016,0.017
10362,2001/02/27,,11,3,7360,12364910,BUTL,BUTLER INTERNATIONAL INC NEW,,BUTL,,Q,A,R,8283,10884,3,7360,12364910,,,,,,,,,,,,,,,,,,,,,,,,,4.500,5.188,5.188,2997.000,0.012195,4.625,5.125,9419.000,1.000,1.000,5.188,12.000,0.012195,-0.012,-0.012,-0.012,-0.012,-0.008
10362,2001/02/28,,11,3,7360,12364910,BUTL,BUTLER INTERNATIONAL INC NEW,,BUTL,,Q,A,R,8283,10884,3,7360,12364910,,,,,,,,,,,,,,,,,,,,,,,,,4.750,5.188,4.875,3012.000,-0.060241,4.875,5.250,9419.000,1.000,1.000,5.172,7.000,-0.060241,-0.014,-0.014,-0.008,-0.008,-0.014
10362,2001/03/01,,11,3,7360,12364910,BUTL,BUTLER INTERNATIONAL INC NEW,,BUTL,,Q,A,R,8283,10884,3,7360,12364910,,,,,,,,0.000,,,,,,,,,,,,,1.000,2.000,11.000,22.000,4.750,5.125,5.125,645.000,0.051282,4.750,5.125,9419.000,1.000,1.000,5.125,4.000,0.051282,0.000,0.000,-0.006,-0.006,0.001
10362,2001/03/02,,11,3,7360,12364910,BUTL,BUTLER INTERNATIONAL INC NEW,,BUTL,,Q,A,R,8283,10884,3,7360,12364910,,,,,,,,0.000,,,,,,,,,,,,,1.000,2.000,12.000,22.000,4.750,4.875,4.875,1739.000,-0.048780,4.875,5.188,9419.000,1.000,1.000,4.750,5.000,-0.048780,-0.005,-0.005,0.005,0.005,-0.006
10362,2001/03/05,,11,3,7360,12364910,BUTL,BUTLER INTERNATIONAL INC NEW,,BUTL,,Q,A,R,8283,10884,3,7360,12364910,,,,,,,,,,,,,,,,,,,,,,,,,4.750,5.188,5.188,1770.000,0.064103,5.000,5.188,9419.000,1.000,1.000,5.188,5.000,0.064103,0.005,0.005,0.002,0.002,0.006
10362,2001/03/06,,11,3,7360,12364910,BUTL,BUTLER INTERNATIONAL INC NEW,,BUTL,,Q,A,R,8283,10884,3,7360,12364910,,,,,,,,0.000,,,,,,,,,,,,,1.000,2.000,14.000,22.000,5.000,5.750,5.500,39266.000,0.060241,5.312,5.500,9419.000,1.000,1.000,5.188,41.000,0.060241,0.011,0.011,0.010,0.010,0.010
10362,2001/03/07,,11,3,7360,12364910,BUTL,BUTLER INTERNATIONAL INC NEW,,BUTL,,Q,A,R,8283,10884,3,7360,12364910,,,,,,,,0.000,,,,,,,,,,,,,1.000,2.000,12.000,22.000,4.750,5.375,5.375,9542.000,-0.022727,5.125,5.375,9419.000,1.000,1.000,5.312,29.000,-0.022727,0.006,0.006,0.006,0.005,0.006
10362,2001/03/08,,11,3,7360,12364910,BUTL,BUTLER INTERNATIONAL INC NEW,,BUTL,,Q,A,R,8283,10884,3,7360,12364910,,,,,,,,0.000,,,,,,,,,,,,,1.000,2.000,11.000,22.000,5.438,5.562,5.500,887.000,0.023256,5.125,5.500,9419.000,1.000,1.000,5.438,5.000,0.023256,-0.001,-0.001,-0.004,-0.004,0.002
10362,2001/03/09,,11,3,7360,12364910,BUTL,BUTLER INTERNATIONAL INC NEW,,BUTL,,Q,A,R,8283,10884,3,7360,12364910,,,,,,,,0.000,,,,,,,,,,,,,1.000,2.000,12.000,22.000,5.125,5.500,5.500,8560.000,0.000000,5.125,5.500,9419.000,1.000,1.000,5.125,11.000,0.000000,-0.024,-0.024,-0.015,-0.015,-0.025
10362,2001/03/12,,11,3,7360,12364910,BUTL,BUTLER INTERNATIONAL INC NEW,,BUTL,,Q,A,R,8283,10884,3,7360,12364910,,,,,,,,,,,,,,,,,,,,,,,,,5.000,5.125,5.000,1047.000,-0.090909,5.000,5.094,9419.000,1.000,1.000,5.125,5.000,-0.090909,-0.042,-0.042,-0.031,-0.031,-0.043
10362,2001/03/13,,11,3,7360,12364910,BUTL,BUTLER INTERNATIONAL INC NEW,,BUTL,,Q,A,R,8283,10884,3,7360,12364910,,,,,,,,0.000,,,,,,,,,,,,,1.000,2.000,11.000,22.000,4.500,5.000,4.719,4372.000,-0.056250,4.500,4.719,9419.000,1.000,1.000,5.000,24.000,-0.056250,0.015,0.015,0.005,0.005,0.015
10362,2001/03/14,,11,3,7360,12364910,BUTL,BUTLER INTERNATIONAL INC NEW,,BUTL,,Q,A,R,8283,10884,3,7360,12364910,,,,,,,,,,,,,,,,,,,,,,,,,4.250,4.734,4.250,1352.000,-0.099338,4.250,4.500,9419.000,1.000,1.000,4.500,6.000,-0.099338,-0.025,-0.025,-0.018,-0.018,-0.026
10362,2001/03/15,,11,3,7360,12364910,BUTL,BUTLER INTERNATIONAL INC NEW,,BUTL,,Q,A,R,8283,10884,3,7360,12364910,,,,,,,,0.000,,,,,,,,,,,,,1.000,2.000,10.000,22.000,4.312,4.312,4.312,689.000,0.014706,4.375,4.500,9419.000,1.000,1.000,4.312,2.000,0.014706,0.003,0.003,-0.000,-0.000,0.006
10362,2001/03/16,,11,3,7360,12364910,BUTL,BUTLER INTERNATIONAL INC NEW,,BUTL,,Q,A,R,8283,10884,3,7360,12364910,,,,,,,,,,,,,,,,,,,,,,,,,4.250,4.500,4.250,9387.000,-0.014493,4.250,4.625,9419.000,1.000,1.000,4.375,12.000,-0.014493,-0.021,-0.021,-0.018,-0.018,-0.020
10362,2001/03/19,,11,3,7360,12364910,BUTL,BUTLER INTERNATIONAL INC NEW,,BUTL,,Q,A,R,8283,10884,3,7360,12364910,,,,,,,,0.000,,,,,,,,,,,,,1.000,2.000,11.000,22.000,3.750,4.750,4.125,17322.000,-0.029412,3.906,4.125,9419.000,1.000,1.000,4.609,28.000,-0.029412,0.019,0.019,0.009,0.009,0.018
10362,2001/03/20,,11,3,7360,12364910,BUTL,BUTLER INTERNATIONAL INC NEW,,BUTL,,Q,A,R,8283,10884,3,7360,12364910,,,,,,,,0.000,,,,,,,,,,,,,1.000,2.000,10.000,22.000,3.750,4.125,4.062,3315.000,-0.015152,3.750,4.062,9419.000,1.000,1.000,4.000,15.000,-0.015152,-0.023,-0.023,-0.008,-0.009,-0.024
10362,2001/03/21,,11,3,7360,12364910,BUTL,BUTLER INTERNATIONAL INC NEW,,BUTL,,Q,A,R,8283,10884,3,7360,12364910,,,,,,,,0.000,,,,,,,,,,,,,1.000,2.000,12.000,22.000,3.375,4.500,4.500,48144.000,0.107692,4.125,4.500,9419.000,1.000,1.000,3.766,63.000,0.107692,-0.019,-0.019,-0.016,-0.016,-0.018
10362,2001/03/22,,11,3,7360,12364910,BUTL,BUTLER INTERNATIONAL INC NEW,,BUTL,,Q,A,R,8283,10884,3,7360,12364910,,,,,,,,0.000,,,,,,,,,,,,,1.000,2.000,11.000,22.000,3.750,4.125,4.000,2854.000,-0.111111,3.875,4.000,9419.000,1.000,1.000,4.000,10.000,-0.111111,-0.004,-0.005,-0.011,-0.011,-0.004
10362,2001/03/23,,11,3,7360,12364910,BUTL,BUTLER INTERNATIONAL INC NEW,,BUTL,,Q,A,R,8283,10884,3,7360,12364910,,,,,,,,0.000,,,,,,,,,,,,,1.000,2.000,12.000,22.000,3.375,3.750,3.500,48451.000,-0.125000,3.500,3.625,9419.000,1.000,1.000,3.750,28.000,-0.125000,0.020,0.020,0.021,0.021,0.020
10362,2001/03/26,,11,3,7360,12364910,BUTL,BUTLER INTERNATIONAL INC NEW,,BUTL,,Q,A,R,8283,10884,3,7360,12364910,,,,,,,,,,,,,,,,,,,,,,,,,3.562,3.875,3.562,5615.000,0.017857,3.562,3.750,9419.000,1.000,1.000,3.734,9.000,0.017857,0.011,0.011,0.007,0.007,0.011
10362,2001/03/27,,11,3,7360,12364910,BUTL,BUTLER INTERNATIONAL INC NEW,,BUTL,,Q,A,R,8283,10884,3,7360,12364910,,,,,,,,0.000,,,,,,,,,,,,,1.000,2.000,12.000,22.000,3.406,3.688,3.406,8938.000,-0.043860,3.406,3.625,10095.000,1.000,1.000,3.625,12.000,-0.043860,0.023,0.023,0.009,0.009,0.026
10362,2001/03/28,,11,3,7360,12364910,BUTL,BUTLER INTERNATIONAL INC NEW,,BUTL,,Q,A,R,8283,10884,3,7360,12364910,,,,,,,,,,,,,,,,,,,,,,,,,3.250,3.500,3.250,34109.000,-0.045872,3.250,3.625,10095.000,1.000,1.000,3.406,16.000,-0.045872,-0.026,-0.026,-0.018,-0.018,-0.024
10362,2001/03/29,,11,3,7360,12364910,BUTL,BUTLER INTERNATIONAL INC NEW,,BUTL,,Q,A,R,8283,10884,3,7360,12364910,,,,,,,,0.000,,,,,,,,,,,,,1.000,2.000,10.000,22.000,3.250,3.375,3.312,20807.000,0.019231,3.312,3.438,10095.000,1.000,1.000,3.375,15.000,0.019231,-0.005,-0.005,-0.007,-0.007,-0.005
10362,2001/03/30,,11,3,7360,12364910,BUTL,BUTLER INTERNATIONAL INC NEW,,BUTL,,Q,A,R,8283,10884,3,7360,12364910,,,,,,,,0.000,,,,,,,,,,,,,1.000,2.000,11.000,22.000,3.375,3.688,3.688,35435.000,0.113208,3.500,3.688,9419.000,1.000,1.000,3.375,16.000,0.113208,0.012,0.012,0.016,0.016,0.011
10362,2001/04/02,,11,3,7360,12364910,BUTL,BUTLER INTERNATIONAL INC NEW,,BUTL,,Q,A,R,8283,10884,3,7360,12364910,,,,,,,,0.000,,,,,,,,,,,,,1.000,2.000,9.000,22.000,3.250,3.500,3.250,1700.000,-0.118644,3.312,3.500,9419.000,1.000,1.000,3.500,14.000,-0.118644,-0.016,-0.016,-0.021,-0.021,-0.012
10362,2001/04/03,,11,3,7360,12364910,BUTL,BUTLER INTERNATIONAL INC NEW,,BUTL,,Q,A,R,8283,10884,3,7360,12364910,,,,,,,,,,,,,,,,,,,,,,,,,3.250,3.312,3.250,1385.000,0.000000,3.188,3.312,9419.000,1.000,1.000,3.312,6.000,0.000000,-0.036,-0.036,-0.034,-0.034,-0.034
10362,2001/04/04,,11,3,7360,12364910,BUTL,BUTLER INTERNATIONAL INC NEW,,BUTL,,Q,A,R,8283,10884,3,7360,12364910,,,,,,,,0.000,,,,,,,,,,,,,1.000,2.000,12.000,22.000,2.469,3.188,3.062,20627.000,-0.057692,2.750,3.062,9419.000,1.000,1.000,3.188,35.000,-0.057692,-0.003,-0.003,-0.008,-0.008,-0.003
10362,2001/04/05,,11,3,7360,12364910,BUTL,BUTLER INTERNATIONAL INC NEW,,BUTL,,Q,A,R,8283,10884,3,7360,12364910,,,,,,,,0.000,,,,,,,,,,,,,1.000,2.000,10.000,22.000,2.875,3.125,3.062,23819.000,0.000000,3.000,3.125,9419.000,1.000,1.000,3.062,17.000,0.000000,0.046,0.046,0.039,0.039,0.044
10362,2001/04/06,,11,3,7360,12364910,BUTL,BUTLER INTERNATIONAL INC NEW,,BUTL,,Q,A,R,8283,10884,3,7360,12364910,,,,,,,,0.000,,,,,,,,,,,,,1.000,2.000,11.000,22.000,2.625,3.000,2.875,65065.000,-0.061224,2.625,2.875,9419.000,1.000,1.000,3.000,54.000,-0.061224,-0.020,-0.020,-0.013,-0.013,-0.020
10362,2001/04/09,,11,3,7360,12364910,BUTL,BUTLER INTERNATIONAL INC NEW,,BUTL,,Q,A,R,8283,10884,3,7360,12364910,,,,,,,,,,,,,,,,,,,,,,,,,2.250,3.000,2.600,32980.000,-0.095652,2.600,2.900,9419.000,1.000,1.000,3.000,52.000,-0.095652,0.009,0.009,0.006,0.006,0.008
10362,2001/04/10,,11,3,7360,12364910,BUTL,BUTLER INTERNATIONAL INC NEW,,BUTL,,Q,A,R,8283,10884,3,7360,12364910,,,,,,,,0.000,,,,,,,,,,,,,1.000,2.000,13.000,22.000,2.650,3.640,3.640,20037.000,0.400000,3.300,3.630,9419.000,1.000,1.000,2.900,33.000,0.400000,0.029,0.029,0.023,0.023,0.027
10362,2001/04/11,,11,3,7360,12364910,BUTL,BUTLER INTERNATIONAL INC NEW,,BUTL,,Q,A,R,8283,10884,3,7360,12364910,,,,,,,,0.000,,,,,,,,,,,,,1.000,2.000,10.000,22.000,3.480,3.640,3.480,1965.000,-0.043956,3.480,3.640,9419.000,1.000,1.000,3.630,7.000,-0.043956,-0.001,-0.001,0.007,0.007,-0.002
10362,2001/04/12,,11,3,7360,12364910,BUTL,BUTLER INTERNATIONAL INC NEW,,BUTL,,Q,A,R,8283,10884,3,7360,12364910,,,,,,,,0.000,,,,,,,,,,,,,1.000,2.000,13.000,22.000,3.230,3.560,3.230,3700.000,-0.071839,3.300,3.560,9419.000,1.000,1.000,3.560,13.000,-0.071839,0.016,0.016,0.015,0.015,0.015
10362,2001/04/16,,11,3,7360,12364910,BUTL,BUTLER INTERNATIONAL INC NEW,,BUTL,,Q,A,R,8283,10884,3,7360,12364910,,,,,,,,0.000,,,,,,,,,,,,,1.000,2.000,11.000,22.000,3.100,4.110,4.020,5997.000,0.244582,4.010,4.120,9419.000,1.000,1.000,3.100,20.000,0.244582,-0.005,-0.005,-0.004,-0.004,-0.003
10362,2001/04/17,,11,3,7360,12364910,BUTL,BUTLER INTERNATIONAL INC NEW,,BUTL,,Q,A,R,8283,10884,3,7360,12364910,,,,,,,,0.000,,,,,,,,,,,,,1.000,2.000,12.000,22.000,3.650,4.100,3.990,13948.000,-0.007463,3.650,3.990,9419.000,1.000,1.000,4.010,21.000,-0.007463,0.010,0.010,0.005,0.005,0.010
10362,2001/04/18,,11,3,7360,12364910,BUTL,BUTLER INTERNATIONAL INC NEW,,BUTL,,Q,A,R,8283,10884,3,7360,12364910,,,,,,,,,,,,,,,,,,,,,,,,,3.850,4.160,4.100,24770.000,0.027569,4.000,4.160,9419.000,1.000,1.000,4.000,22.000,0.027569,0.040,0.040,0.029,0.029,0.039
10362,2001/04/19,,11,3,7360,12364910,BUTL,BUTLER INTERNATIONAL INC NEW,,BUTL,,Q,A,R,8283,10884,3,7360,12364910,,,,,,,,0.000,,,,,,,,,,,,,1.000,2.000,14.000,22.000,3.020,4.000,3.450,34102.000,-0.158537,3.360,3.500,9419.000,1.000,1.000,4.000,46.000,-0.158537,0.015,0.015,0.016,0.016,0.013
10362,2001/04/20,,11,3,7360,12364910,BUTL,BUTLER INTERNATIONAL INC NEW,,BUTL,,Q,A,R,8283,10884,3,7360,12364910,,,,,,,,0.000,,,,,,,,,,,,,1.000,2.000,11.000,22.000,3.180,3.500,3.300,1698.000,-0.043478,3.300,3.770,9419.000,1.000,1.000,3.500,9.000,-0.043478,-0.008,-0.008,0.001,0.001,-0.009
10362,2001/04/23,,11,3,7360,12364910,BUTL,BUTLER INTERNATIONAL INC NEW,,BUTL,,Q,A,R,8283,10884,3,7360,12364910,,,,,,,,0.000,,,,,,,,,,,,,1.000,2.000,13.000,22.000,2.900,3.350,2.980,4196.000,-0.096970,2.980,3.350,9419.000,1.000,1.000,3.300,22.000,-0.096970,-0.017,-0.017,-0.008,-0.008,-0.015
10362,2001/04/24,,11,3,7360,12364910,BUTL,BUTLER INTERNATIONAL INC NEW,,BUTL,,Q,A,R,8283,10884,3,7360,12364910,,,,,,,,,,,,,,,,,,,,,,,,,2.950,2.950,2.950,1000.000,-0.010067,3.000,3.250,9419.000,1.000,1.000,2.950,1.000,-0.010067,-0.011,-0.011,0.002,0.002,-0.012
10362,2001/04/25,,11,3,7360,12364910,BUTL,BUTLER INTERNATIONAL INC NEW,,BUTL,,Q,A,R,8283,10884,3,7360,12364910,,,,,,,,0.000,,,,,,,,,,,,,1.000,2.000,11.000,22.000,2.800,2.960,2.850,72260.000,-0.033898,2.890,2.910,9419.000,1.000,1.000,2.950,13.000,-0.033898,0.016,0.016,0.012,0.011,0.016
10362,2001/04/26,,11,3,7360,12364910,BUTL,BUTLER INTERNATIONAL INC NEW,,BUTL,,Q,A,R,8283,10884,3,7360,12364910,,,,,,,,0.000,,,,,,,,,,,,,1.000,2.000,12.000,22.000,2.800,2.900,2.800,15875.000,-0.017544,2.750,2.900,9419.000,1.000,1.000,2.900,17.000,-0.017544,0.005,0.005,0.008,0.007,0.005
10362,2001/04/27,,11,3,7360,12364910,BUTL,BUTLER INTERNATIONAL INC NEW,,BUTL,,Q,A,R,8283,10884,3,7360,12364910,,,,,,,,0.000,,,,,,,,,,,,,1.000,2.000,14.000,22.000,2.500,2.830,2.750,37060.000,-0.017857,2.730,2.800,9419.000,1.000,1.000,2.750,36.000,-0.017857,0.014,0.014,0.011,0.011,0.015
10362,2001/04/30,,11,3,7360,12364910,BUTL,BUTLER INTERNATIONAL INC NEW,,BUTL,,Q,A,R,8283,10884,3,7360,12364910,,,,,,,,0.000,,,,,,,,,,,,,1.000,2.000,12.000,22.000,2.670,2.790,2.770,11179.000,0.007273,2.670,2.760,9419.000,1.000,1.000,2.710,24.000,0.007273,0.001,0.001,0.010,0.010,-0.003
10362,2001/05/01,,11,3,7360,12364910,BUTL,BUTLER INTERNATIONAL INC NEW,,BUTL,,Q,A,R,8283,10884,3,7360,12364910,,,,,,,,0.000,,,,,,,,,,,,,1.000,2.000,13.000,22.000,2.520,2.750,2.610,5541.000,-0.057762,2.620,2.720,9419.000,1.000,1.000,2.750,16.000,-0.057762,0.013,0.013,0.010,0.010,0.014
10362,2001/05/02,,11,3,7360,12364910,BUTL,BUTLER INTERNATIONAL INC NEW,,BUTL,,Q,A,R,8283,10884,3,7360,12364910,,,,,,,,,,,,,,,,,,,,,,,,,2.500,2.800,2.600,495200.000,-0.003831,2.500,2.600,9419.000,1.000,1.000,2.630,62.000,-0.003831,0.003,0.003,0.012,0.012,0.001
10362,2001/05/03,,11,3,7360,12364910,BUTL,BUTLER INTERNATIONAL INC NEW,,BUTL,,Q,A,R,8283,10884,3,7360,12364910,,,,,,,,0.000,,,,,,,,,,,,,1.000,2.000,12.000,22.000,2.500,2.600,2.500,3039.000,-0.038462,2.500,2.600,9419.000,1.000,1.000,2.600,9.000,-0.038462,-0.015,-0.015,-0.005,-0.006,-0.015
10362,2001/05/04,,11,3,7360,12364910,BUTL,BUTLER INTERNATIONAL INC NEW,,BUTL,,Q,A,R,8283,10884,3,7360,12364910,,,,,,,,0.000,,,,,,,,,,,,,1.000,2.000,14.000,22.000,2.500,2.580,2.510,12207.000,0.004000,2.500,2.590,9419.000,1.000,1.000,2.550,11.000,0.004000,0.014,0.014,0.011,0.011,0.014
10362,2001/05/07,,11,3,7360,12364910,BUTL,BUTLER INTERNATIONAL INC NEW,,BUTL,,Q,A,R,8283,10884,3,7360,12364910,,,,,,,,0.000,,,,,,,,,,,,,1.000,2.000,12.000,22.000,2.450,2.500,2.460,27047.000,-0.019920,2.450,2.470,9419.000,1.000,1.000,2.500,35.000,-0.019920,-0.003,-0.003,0.001,0.001,-0.002
10362,2001/05/08,,11,3,7360,12364910,BUTL,BUTLER INTERNATIONAL INC NEW,,BUTL,,Q,A,R,8283,10884,3,7360,12364910,,,,,,,,,,,,,,,,,,,,,,,,,2.450,2.480,2.480,16185.000,0.008130,2.450,2.480,9419.000,1.000,1.000,2.470,21.000,0.008130,-0.001,-0.001,0.005,0.005,-0.002
10362,2001/05/09,,11,3,7360,12364910,BUTL,BUTLER INTERNATIONAL INC NEW,,BUTL,,Q,A,R,8283,10884,3,7360,12364910,,,,,,,,0.000,,,,,,,,,,,,,1.000,2.000,13.000,22.000,2.100,2.450,2.350,73661.000,-0.052419,2.350,2.450,9419.000,1.000,1.000,2.350,76.000,-0.052419,-0.004,-0.004,0.001,0.001,-0.004
10362,2001/05/10,,11,3,7360,12364910,BUTL,BUTLER INTERNATIONAL INC NEW,,BUTL,,Q,A,R,8283,10884,3,7360,12364910,,,,,,,,0.000,,,,,,,,,,,,,1.000,2.000,12.000,22.000,2.360,2.410,2.370,14532.000,0.008511,2.360,2.410,9419.000,1.000,1.000,2.400,19.000,0.008511,-0.000,-0.001,0.003,0.003,-0.000
10362,2001/05/11,,11,3,7360,12364910,BUTL,BUTLER INTERNATIONAL INC NEW,,BUTL,,Q,A,R,8283,10884,3,7360,12364910,,,,,,,,0.000,,,,,,,,,,,,,1.000,2.000,13.000,22.000,2.300,2.380,2.300,43916.000,-0.029536,2.310,2.370,9419.000,1.000,1.000,2.360,36.000,-0.029536,-0.008,-0.008,-0.002,-0.002,-0.008
10362,2001/05/14,,11,3,7360,12364910,BUTL,BUTLER INTERNATIONAL INC NEW,,BUTL,,Q,A,R,8283,10884,3,7360,12364910,,,,,,,,0.000,,,,,,,,,,,,,1.000,2.000,12.000,22.000,2.310,2.400,2.310,49851.000,0.004348,2.260,2.310,9419.000,1.000,1.000,2.390,15.000,0.004348,0.001,0.001,-0.003,-0.003,0.003
10362,2001/05/15,,11,3,7360,12364910,BUTL,BUTLER INTERNATIONAL INC NEW,,BUTL,,Q,A,R,8283,10884,3,7360,12364910,,,,,,,,0.000,,,,,,,,,,,,,1.000,2.000,13.000,22.000,2.250,2.360,2.330,17379.000,0.008658,2.270,2.330,9419.000,1.000,1.000,2.260,18.000,0.008658,0.001,0.001,0.004,0.004,0.000
10362,2001/05/16,,11,3,7360,12364910,BUTL,BUTLER INTERNATIONAL INC NEW,,BUTL,,Q,A,R,8283,10884,3,7360,12364910,,,,,,,,,,,,,,,,,,,,,,,,,2.250,2.300,2.250,6078.000,-0.034335,2.250,2.300,9419.000,1.000,1.000,2.270,9.000,-0.034335,0.027,0.027,0.010,0.010,0.028
10362,2001/05/17,,11,3,7360,12364910,BUTL,BUTLER INTERNATIONAL INC NEW,,BUTL,,Q,A,R,8283,10884,3,7360,12364910,,,,,,,,0.000,,,,,,,,,,,,,1.000,2.000,14.000,22.000,2.200,2.320,2.250,15645.000,0.000000,2.240,2.250,9419.000,1.000,1.000,2.310,17.000,0.000000,0.006,0.006,0.011,0.010,0.003
10362,2001/05/18,,11,3,7360,12364910,BUTL,BUTLER INTERNATIONAL INC NEW,,BUTL,,Q,A,R,8283,10884,3,7360,12364910,,,,,,,,,,,,,,,,,,,,,,,,,2.200,2.300,2.250,375625.000,0.000000,2.200,2.300,9419.000,1.000,1.000,2.220,78.000,0.000000,0.003,0.003,0.005,0.005,0.003
10362,2001/05/21,,11,3,7360,12364910,BUTL,BUTLER INTERNATIONAL INC NEW,,BUTL,,Q,A,R,8283,10884,3,7360,12364910,,,,,,,,0.000,,,,,,,,,,,,,1.000,2.000,12.000,22.000,2.220,2.320,2.320,259000.000,0.031111,2.300,2.320,9419.000,1.000,1.000,2.300,18.000,0.031111,0.019,0.019,0.016,0.016,0.016
10362,2001/05/22,,11,3,7360,12364910,BUTL,BUTLER INTERNATIONAL INC NEW,,BUTL,,Q,A,R,8283,10884,3,7360,12364910,,,,,,,,0.000,,,,,,,,,,,,,1.000,2.000,13.000,22.000,2.330,2.380,2.350,10552.000,0.012931,2.360,2.370,9419.000,1.000,1.000,2.370,13.000,0.012931,-0.002,-0.002,0.007,0.007,-0.003
10362,2001/05/23,,11,3,7360,12364910,BUTL,BUTLER INTERNATIONAL INC NEW,,BUTL,,Q,A,R,8283,10884,3,7360,12364910,,,,,,,,0.000,,,,,,,,,,,,,1.000,2.000,11.000,22.000,2.390,2.390,2.390,1000.000,0.017021,2.350,2.370,9419.000,1.000,1.000,2.390,2.000,0.017021,-0.017,-0.017,-0.007,-0.007,-0.016
10362,2001/05/24,,11,3,7360,12364910,BUTL,BUTLER INTERNATIONAL INC NEW,,BUTL,,Q,A,R,8283,10884,3,7360,12364910,,,,,,,,0.000,,,,,,,,,,,,,1.000,2.000,12.000,22.000,2.260,2.370,2.270,6768.000,-0.050209,2.270,2.350,9419.000,1.000,1.000,2.370,16.000,-0.050209,0.004,0.004,0.006,0.005,0.003
10362,2001/05/25,,11,3,7360,12364910,BUTL,BUTLER INTERNATIONAL INC NEW,,BUTL,,Q,A,R,8283,10884,3,7360,12364910,,,,,,,,0.000,,,,,,,,,,,,,1.000,2.000,11.000,22.000,2.200,2.300,2.280,10755.000,0.004405,2.280,2.300,9419.000,1.000,1.000,2.250,20.000,0.004405,-0.010,-0.010,0.003,0.003,-0.012
10362,2001/05/29,,11,3,7360,12364910,BUTL,BUTLER INTERNATIONAL INC NEW,,BUTL,,Q,A,R,8283,10884,3,7360,12364910,,,,,,,,0.000,,,,,,,,,,,,,1.000,2.000,13.000,22.000,2.210,2.210,2.210,1120.000,-0.030702,2.210,2.290,9419.000,1.000,1.000,2.210,2.000,-0.030702,-0.010,-0.010,-0.008,-0.008,-0.008
10362,2001/05/30,,11,3,7360,12364910,BUTL,BUTLER INTERNATIONAL INC NEW,,BUTL,,Q,A,R,8283,10884,3,7360,12364910,,,,,,,,0.000,,,,,,,,,,,,,1.000,2.000,12.000,22.000,2.180,2.290,2.200,4730.000,-0.004525,2.180,2.240,9419.000,1.000,1.000,2.210,14.000,-0.004525,-0.018,-0.018,-0.016,-0.016,-0.016
10362,2001/05/31,,11,3,7360,12364910,BUTL,BUTLER INTERNATIONAL INC NEW,,BUTL,,Q,A,R,8283,10884,3,7360,12364910,,,,,,,,,,,,,,,,,,,,,,,,,2.180,2.250,2.200,69320.000,0.000000,2.190,2.200,9419.000,1.000,1.000,2.250,36.000,0.000000,0.008,0.008,0.007,0.007,0.006
10362,2001/06/01,,11,3,7360,12364910,BUTL,BUTLER INTERNATIONAL INC NEW,,BUTL,,Q,A,R,8283,10884,3,7360,12364910,,,,,,,,0.000,,,,,,,,,,,,,1.000,2.000,13.000,22.000,2.100,2.200,2.130,821430.000,-0.031818,2.130,2.180,9419.000,1.000,1.000,2.160,23.000,-0.031818,0.005,0.005,0.006,0.006,0.004
10362,2001/06/04,,11,3,7360,12364910,BUTL,BUTLER INTERNATIONAL INC NEW,,BUTL,,Q,A,R,8283,10884,3,7360,12364910,,,,,,,,,,,,,,,,,,,,,,,,,2.120,2.200,2.130,34628.000,0.000000,2.130,2.200,9419.000,1.000,1.000,2.150,13.000,0.000000,0.005,0.005,0.005,0.005,0.005
10362,2001/06/05,,11,3,7360,12364910,BUTL,BUTLER INTERNATIONAL INC NEW,,BUTL,,Q,A,R,8283,10884,3,7360,12364910,,,,,,,,0.000,,,,,,,,,,,,,1.000,2.000,14.000,22.000,2.090,2.200,2.190,39181.000,0.028169,2.110,2.280,9419.000,1.000,1.000,2.130,32.000,0.028169,0.014,0.014,0.012,0.012,0.013
10362,2001/06/06,,11,3,7360,12364910,BUTL,BUTLER INTERNATIONAL INC NEW,,BUTL,,Q,A,R,8283,10884,3,7360,12364910,,,,,,,,,,,,,,,,,,,,,,,,,2.090,2.190,2.100,8640.000,-0.041096,2.100,2.180,9419.000,1.000,1.000,2.190,15.000,-0.041096,-0.009,-0.010,-0.003,-0.003,-0.011
10362,2001/06/07,,11,3,7360,12364910,BUTL,BUTLER INTERNATIONAL INC NEW,,BUTL,,Q,A,R,8283,10884,3,7360,12364910,,,,,,,,,,,,,,,,,,,,,,,,,2.100,2.600,2.600,326517.000,0.238095,2.540,2.600,9419.000,1.000,1.000,2.120,91.000,0.238095,0.005,0.005,0.005,0.005,0.005
10362,2001/06/08,,11,3,7360,12364910,BUTL,BUTLER INTERNATIONAL INC NEW,,BUTL,,Q,A,R,8283,10884,3,7360,12364910,,,,,,,,0.000,,,,,,,,,,,,,1.000,2.000,13.000,22.000,2.400,3.220,3.220,171040.000,0.238462,3.110,3.220,9419.000,1.000,1.000,2.400,109.000,0.238462,-0.010,-0.010,-0.002,-0.002,-0.009
10362,2001/06/11,,11,3,7360,12364910,BUTL,BUTLER INTERNATIONAL INC NEW,,BUTL,,Q,A,R,8283,10884,3,7360,12364910,,,,,,,,,,,,,,,,,,,,,,,,,3.100,3.400,3.400,87404.000,0.055901,3.320,3.400,9419.000,1.000,1.000,3.300,69.000,0.055901,-0.010,-0.010,-0.006,-0.006,-0.008
10362,2001/06/12,,11,3,7360,12364910,BUTL,BUTLER INTERNATIONAL INC NEW,,BUTL,,Q,A,R,8283,10884,3,7360,12364910,,,,,,,,0.000,,,,,,,,,,,,,1.000,2.000,14.000,22.000,3.250,3.520,3.500,148393.000,0.029412,3.500,3.520,9419.000,1.000,1.000,3.490,85.000,0.029412,0.000,0.000,-0.001,-0.001,0.001
10362,2001/06/13,,11,3,7360,12364910,BUTL,BUTLER INTERNATIONAL INC NEW,,BUTL,,Q,A,R,8283,10884,3,7360,12364910,,,,,,,,,,,,,,,,,,,,,,,,,3.300,3.540,3.540,58124.000,0.011429,3.400,3.550,9419.000,1.000,1.000,3.510,33.000,0.011429,-0.010,-0.010,-0.002,-0.003,-0.011
10362,2001/06/14,,11,3,7360,12364910,BUTL,BUTLER INTERNATIONAL INC NEW,,BUTL,,Q,A,R,8283,10884,3,7360,12364910,,,,,,,,0.000,,,,,,,,,,,,,1.000,2.000,13.000,22.000,3.350,3.700,3.440,57080.000,-0.028249,3.400,3.700,9419.000,1.000,1.000,3.530,40.000,-0.028249,-0.019,-0.019,-0.015,-0.015,-0.018
10362,2001/06/15,,11,3,7360,12364910,BUTL,BUTLER INTERNATIONAL INC NEW,,BUTL,,Q,A,R,8283,10884,3,7360,12364910,,,,,,,,0.000,,,,,,,,,,,,,1.000,2.000,12.000,22.000,3.260,3.550,3.320,87915.000,-0.034884,3.250,3.320,9419.000,1.000,1.000,3.500,29.000,-0.034884,-0.005,-0.005,-0.005,-0.005,-0.005
10362,2001/06/18,,11,3,7360,12364910,BUTL,BUTLER INTERNATIONAL INC NEW,,BUTL,,Q,A,R,8283,10884,3,7360,12364910,,,,,,,,0.000,,,,,,,,,,,,,1.000,2.000,13.000,22.000,3.040,3.305,3.040,8527.000,-0.084337,3.000,3.040,9419.000,1.000,1.000,3.305,15.000,-0.084337,-0.007,-0.007,-0.013,-0.013,-0.005
10362,2001/06/19,,11,3,7360,12364910,BUTL,BUTLER INTERNATIONAL INC NEW,,BUTL,,Q,A,R,8283,10884,3,7360,12364910,,,,,,,,0.000,,,,,,,,,,,,,1.000,2.000,14.000,22.000,2.700,3.275,2.750,39307.000,-0.095395,2.700,2.830,9419.000,1.000,1.000,3.275,30.000,-0.095395,0.002,0.002,-0.006,-0.006,0.003
10362,2001/06/20,,11,3,7360,12364910,BUTL,BUTLER INTERNATIONAL INC NEW,,BUTL,,Q,A,R,8283,10884,3,7360,12364910,,,,,,,,0.000,,,,,,,,,,,,,1.000,2.000,11.000,22.000,2.650,2.940,2.940,3089.000,0.069091,2.740,2.940,9419.000,1.000,1.000,2.660,12.000,0.069091,0.010,0.010,0.001,0.001,0.009
10362,2001/06/21,,11,3,7360,12364910,BUTL,BUTLER INTERNATIONAL INC NEW,,BUTL,,Q,A,R,8283,10884,3,7360,12364910,,,,,,,,0.000,,,,,,,,,,,,,1.000,2.000,12.000,22.000,2.750,2.940,2.940,6500.000,0.000000,2.750,2.940,9419.000,1.000,1.000,2.900,9.000,0.000000,0.010,0.010,0.004,0.004,0.011
10362,2001/06/22,,11,3,7360,12364910,BUTL,BUTLER INTERNATIONAL INC NEW,,BUTL,,Q,A,R,8283,10884,3,7360,12364910,,,,,,,,,,,,,,,,,,,,,,,,,2.900,3.000,3.000,16149.000,0.020408,2.950,3.000,9419.000,1.000,1.000,2.940,15.000,0.020408,-0.009,-0.009,-0.002,-0.003,-0.009
10362,2001/06/25,,11,3,7360,12364910,BUTL,BUTLER INTERNATIONAL INC NEW,,BUTL,,Q,A,R,8283,10884,3,7360,12364910,,,,,,,,0.000,,,,,,,,,,,,,1.000,2.000,11.000,22.000,2.950,3.050,2.950,1349.000,-0.016667,2.900,3.050,9419.000,1.000,1.000,3.035,6.000,-0.016667,-0.005,-0.005,-0.000,-0.000,-0.006
10362,2001/06/26,,11,3,7360,12364910,BUTL,BUTLER INTERNATIONAL INC NEW,,BUTL,,Q,A,R,8283,10884,3,7360,12364910,,,,,,,,,,,,,,,,,,,,,,,,,2.930,3.030,3.030,1609.000,0.027119,2.960,3.030,9419.000,1.000,1.000,3.000,3.000,0.027119,-0.000,-0.000,0.005,0.005,-0.002
10362,2001/06/27,,11,3,7360,12364910,BUTL,BUTLER INTERNATIONAL INC NEW,,BUTL,,Q,A,R,8283,10884,3,7360,12364910,,,,,,,,,,,,,,,,,,,,,,,,,2.920,3.030,2.920,4550.000,-0.036304,2.920,3.030,9419.000,1.000,1.000,2.920,8.000,-0.036304,-0.002,-0.002,0.004,0.004,-0.005
10362,2001/06/28,,11,3,7360,12364910,BUTL,BUTLER INTERNATIONAL INC NEW,,BUTL,,Q,A,R,8283,10884,3,7360,12364910,,,,,,,,0.000,,,,,,,,,,,,,1.000,2.000,12.000,22.000,2.900,3.250,3.250,25946.000,0.113014,3.020,3.280,9419.000,1.000,1.000,2.920,30.000,0.113014,0.013,0.013,0.008,0.008,0.012
10362,2001/06/29,,11,3,7360,12364910,BUTL,BUTLER INTERNATIONAL INC NEW,,BUTL,,Q,A,R,8283,10884,3,7360,12364910,,,,,,,,0.000,,,,,,,,,,,,,1.000,2.000,13.000,22.000,3.100,3.420,3.120,17266.000,-0.040000,2.020,4.440,9422.000,1.000,1.000,3.250,16.000,-0.040000,0.004,0.004,0.019,0.019,-0.001
10362,2001/07/02,,11,3,7360,12364910,BUTL,BUTLER INTERNATIONAL INC NEW,,BUTL,,Q,A,R,8283,10884,3,7360,12364910,,,,,,,,0.000,,,,,,,,,,,,,1.000,2.000,14.000,22.000,3.000,3.050,3.000,3438.000,-0.038462,3.000,3.150,9422.000,1.000,1.000,3.050,5.000,-0.038462,0.005,0.005,-0.006,-0.006,0.010
10362,2001/07/03,,11,3,7360,12364910,BUTL,BUTLER INTERNATIONAL INC NEW,,BUTL,,Q,A,R,8283,10884,3,7360,12364910,,,,,,,,0.000,,,,,,,,,,,,,1.000,2.000,13.000,22.000,3.000,3.010,3.000,5511.000,0.000000,3.000,3.150,9422.000,1.000,1.000,3.010,8.000,0.000000,-0.002,-0.002,-0.000,-0.000,-0.002
10362,2001/07/05,,11,3,7360,12364910,BUTL,BUTLER INTERNATIONAL INC NEW,,BUTL,,Q,A,R,8283,10884,3,7360,12364910,,,,,,,,,,,,,,,,,,,,,,,,,2.960,3.000,2.980,14207.000,-0.006667,2.980,3.100,9422.000,1.000,1.000,3.000,15.000,-0.006667,-0.012,-0.012,-0.007,-0.007,-0.012
10362,2001/07/06,,11,3,7360,12364910,BUTL,BUTLER INTERNATIONAL INC NEW,,BUTL,,Q,A,R,8283,10884,3,7360,12364910,,,,,,,,0.000,,,,,,,,,,,,,1.000,2.000,14.000,22.000,2.800,3.050,2.850,52138.000,-0.043624,2.900,3.000,9422.000,1.000,1.000,2.980,28.000,-0.043624,-0.022,-0.022,-0.012,-0.012,-0.023
10362,2001/07/09,,11,3,7360,12364910,BUTL,BUTLER INTERNATIONAL INC NEW,,BUTL,,Q,A,R,8283,10884,3,7360,12364910,,,,,,,,0.000,,,,,,,,,,,,,1.000,2.000,13.000,22.000,2.750,2.950,2.900,38121.000,0.017544,2.900,2.950,9422.000,1.000,1.000,2.900,34.000,0.017544,0.006,0.006,0.002,0.002,0.007
10362,2001/07/10,,11,3,7360,12364910,BUTL,BUTLER INTERNATIONAL INC NEW,,BUTL,,Q,A,R,8283,10884,3,7360,12364910,,,,,,,,,,,,,,,,,,,,,,,,,2.700,3.000,2.950,32010.000,0.017241,2.800,2.950,9422.000,1.000,1.000,2.750,14.000,0.017241,-0.014,-0.014,-0.009,-0.009,-0.014
10362,2001/07/11,,11,3,7360,12364910,BUTL,BUTLER INTERNATIONAL INC NEW,,BUTL,,Q,A,R,8283,10884,3,7360,12364910,,,,,,,,0.000,,,,,,,,,,,,,1.000,2.000,12.000,22.000,2.700,2.800,2.800,853.000,-0.050847,2.850,3.000,9422.000,1.000,1.000,2.700,5.000,-0.050847,-0.002,-0.002,-0.005,-0.006,-0.001
10362,2001/07/12,,11,3,7360,12364910,BUTL,BUTLER INTERNATIONAL INC NEW,,BUTL,,Q,A,R,8283,10884,3,7360,12364910,,,,,,,,,,,,,,,,,,,,,,,,,2.850,2.990,2.850,1606.000,0.017857,2.850,2.990,9422.000,1.000,1.000,2.990,2.000,0.017857,0.024,0.024,0.015,0.015,0.024
10362,2001/07/13,,11,3,7360,12364910,BUTL,BUTLER INTERNATIONAL INC NEW,,BUTL,,Q,A,R,8283,10884,3,7360,12364910,,,,,,,,,,,,,,,,,,,,,,,,,2.800,2.950,2.800,2935.000,-0.017544,2.850,2.950,9422.000,1.000,1.000,2.900,3.000,-0.017544,0.005,0.005,0.004,0.004,0.006
10362,2001/07/16,,11,3,7360,12364910,BUTL,BUTLER INTERNATIONAL INC NEW,,BUTL,,Q,A,R,8283,10884,3,7360,12364910,,,,,,,,,,,,,,,,,,,,,,,,,2.750,2.800,2.750,644.000,-0.017857,2.750,2.900,9422.000,1.000,1.000,2.750,5.000,-0.017857,-0.012,-0.012,-0.007,-0.007,-0.011
10362,2001/07/17,,11,3,7360,12364910,BUTL,BUTLER INTERNATIONAL INC NEW,,BUTL,,Q,A,R,8283,10884,3,7360,12364910,,,,,,,,0.000,,,,,,,,,,,,,1.000,2.000,14.000,22.000,2.580,3.000,3.000,24714.000,0.090909,2.920,3.020,9422.000,1.000,1.000,2.800,46.000,0.090909,0.011,0.011,0.005,0.005,0.010
10362,2001/07/18,,11,3,7360,12364910,BUTL,BUTLER INTERNATIONAL INC NEW,,BUTL,,Q,A,R,8283,10884,3,7360,12364910,,,,,,,,,,,,,,,,,,,,,,,,,2.950,3.030,2.950,6199.000,-0.016667,2.950,3.000,9422.000,1.000,1.000,3.030,9.000,-0.016667,-0.007,-0.007,-0.008,-0.008,-0.006
10362,2001/07/19,,11,3,7360,12364910,BUTL,BUTLER INTERNATIONAL INC NEW,,BUTL,,Q,A,R,8283,10884,3,7360,12364910,,,,,,,,0.000,,,,,,,,,,,,,1.000,2.000,12.000,22.000,2.700,3.100,2.900,9117.000,-0.016949,2.850,3.000,9422.000,1.000,1.000,2.850,21.000,-0.016949,0.005,0.005,0.005,0.005,0.006
10362,2001/07/20,,11,3,7360,12364910,BUTL,BUTLER INTERNATIONAL INC NEW,,BUTL,,Q,A,R,8283,10884,3,7360,12364910,,,,,,,,0.000,,,,,,,,,,,,,1.000,2.000,13.000,22.000,2.900,3.000,2.900,17000.000,0.000000,2.950,3.050,9422.000,1.000,1.000,2.950,16.000,0.000000,-0.003,-0.003,0.000,0.000,-0.003
10362,2001/07/23,,11,3,7360,12364910,BUTL,BUTLER INTERNATIONAL INC NEW,,BUTL,,Q,A,R,8283,10884,3,7360,12364910,,,,,,,,0.000,,,,,,,,,,,,,1.000,2.000,11.000,22.000,2.740,2.950,2.750,8520.000,-0.051724,2.740,2.750,9422.000,1.000,1.000,2.950,18.000,-0.051724,-0.015,-0.015,-0.006,-0.006,-0.016
10362,2001/07/24,,11,3,7360,12364910,BUTL,BUTLER INTERNATIONAL INC NEW,,BUTL,,Q,A,R,8283,10884,3,7360,12364910,,,,,,,,,,,,,,,,,,,,,,,,,2.750,3.080,3.050,41655.000,0.109091,3.000,3.080,9422.000,1.000,1.000,2.750,27.000,0.109091,-0.016,-0.016,-0.011,-0.012,-0.016
10362,2001/07/25,,11,3,7360,12364910,BUTL,BUTLER INTERNATIONAL INC NEW,,BUTL,,Q,A,R,8283,10884,3,7360,12364910,,,,,,,,,,,,,,,,,,,,,,,,,2.750,3.100,2.960,21972.000,-0.029508,3.000,3.010,9422.000,1.000,1.000,3.080,44.000,-0.029508,0.014,0.014,0.003,0.003,0.016
10362,2001/07/26,,11,3,7360,12364910,BUTL,BUTLER INTERNATIONAL INC NEW,,BUTL,,Q,A,R,8283,10884,3,7360,12364910,,,,,,,,,,,,,,,,,,,,,,,,,2.960,3.100,3.100,12454.000,0.047297,3.050,3.100,9422.000,1.000,1.000,3.010,21.000,0.047297,0.012,0.011,0.008,0.008,0.010
10362,2001/07/27,,11,3,7360,12364910,BUTL,BUTLER INTERNATIONAL INC NEW,,BUTL,,Q,A,R,8283,10884,3,7360,12364910,,,,,,,,0.000,,,,,,,,,,,,,1.000,2.000,10.000,22.000,3.100,3.160,3.160,7100.000,0.019355,3.120,3.220,9422.000,1.000,1.000,3.100,9.000,0.019355,0.003,0.003,0.004,0.003,0.002
10362,2001/07/30,,11,3,7360,12364910,BUTL,BUTLER INTERNATIONAL INC NEW,,BUTL,,Q,A,R,8283,10884,3,7360,12364910,,,,,,,,0.000,,,,,,,,,,,,,1.000,2.000,12.000,22.000,3.050,3.220,3.150,64000.000,-0.003165,3.050,3.150,9422.000,1.000,1.000,3.120,47.000,-0.003165,-0.001,-0.001,-0.001,-0.001,-0.001
10362,2001/07/31,,11,3,7360,12364910,BUTL,BUTLER INTERNATIONAL INC NEW,,BUTL,,Q,A,R,8283,10884,3,7360,12364910,,,,,,,,,,,,,,,,,,,,,,,,,2.970,3.030,3.000,23700.000,-0.047619,2.970,3.050,9422.000,1.000,1.000,3.030,23.000,-0.047619,0.005,0.005,0.003,0.003,0.006
10362,2001/08/01,,11,3,7360,12364910,BUTL,BUTLER INTERNATIONAL INC NEW,,BUTL,,Q,A,R,8283,10884,3,7360,12364910,,,,,,,,,,,,,,,,,,,,,,,,,2.770,3.420,3.220,53262.000,0.073333,3.220,3.230,9422.000,1.000,1.000,2.950,62.000,0.073333,0.005,0.005,0.006,0.006,0.004
10362,2001/08/02,,11,3,7360,12364910,BUTL,BUTLER INTERNATIONAL INC NEW,,BUTL,,Q,A,R,8283,10884,3,7360,12364910,,,,,,,,0.000,,,,,,,,,,,,,1.000,2.000,11.000,22.000,3.100,3.370,3.200,33211.000,-0.006211,3.200,3.230,9422.000,1.000,1.000,3.240,26.000,-0.006211,0.003,0.003,0.003,0.002,0.004
10362,2001/08/03,,11,3,7360,12364910,BUTL,BUTLER INTERNATIONAL INC NEW,,BUTL,,Q,A,R,8283,10884,3,7360,12364910,,,,,,,,0.000,,,,,,,,,,,,,1.000,2.000,9.000,22.000,3.020,3.230,3.200,6472.000,0.000000,3.050,3.200,9422.000,1.000,1.000,3.180,13.000,0.000000,-0.005,-0.005,0.001,0.000,-0.005
10362,2001/08/06,,11,3,7360,12364910,BUTL,BUTLER INTERNATIONAL INC NEW,,BUTL,,Q,A,R,8283,10884,3,7360,12364910,,,,,,,,,,,,,,,,,,,,,,,,,3.060,3.260,3.260,1454.000,0.018750,3.100,3.280,9422.000,1.000,1.000,3.200,7.000,0.018750,-0.011,-0.011,-0.006,-0.006,-0.011
10362,2001/08/07,,11,3,7360,12364910,BUTL,BUTLER INTERNATIONAL INC NEW,,BUTL,,Q,A,R,8283,10884,3,7360,12364910,,,,,,,,,,,,,,,,,,,,,,,,,3.100,3.290,3.120,10828.000,-0.042945,3.100,3.220,9422.000,1.000,1.000,3.260,7.000,-0.042945,0.002,0.002,-0.000,-0.000,0.003
10362,2001/08/08,,11,3,7360,12364910,BUTL,BUTLER INTERNATIONAL INC NEW,,BUTL,,Q,A,R,8283,10884,3,7360,12364910,,,,,,,,0.000,,,,,,,,,,,,,1.000,2.000,11.000,22.000,3.110,3.370,3.360,125340.000,0.076923,3.250,3.350,9422.000,1.000,1.000,3.220,38.000,0.076923,-0.017,-0.017,-0.010,-0.010,-0.017
10362,2001/08/09,,11,3,7360,12364910,BUTL,BUTLER INTERNATIONAL INC NEW,,BUTL,,Q,A,R,8283,10884,3,7360,12364910,,,,,,,,,,,,,,,,,,,,,,,,,3.200,3.360,3.240,11400.000,-0.035714,3.240,3.360,9422.000,1.000,1.000,3.360,13.000,-0.035714,-0.000,-0.000,-0.001,-0.001,-0.000
10362,2001/08/10,,11,3,7360,12364910,BUTL,BUTLER INTERNATIONAL INC NEW,,BUTL,,Q,A,R,8283,10884,3,7360,12364910,,,,,,,,0.000,,,,,,,,,,,,,1.000,2.000,12.000,22.000,3.250,3.400,3.360,29056.000,0.037037,3.300,3.370,9422.000,1.000,1.000,3.360,29.000,0.037037,0.004,0.004,0.001,0.001,0.006
10362,2001/08/13,,11,3,7360,12364910,BUTL,BUTLER INTERNATIONAL INC NEW,,BUTL,,Q,A,R,8283,10884,3,7360,12364910,,,,,,,,0.000,,,,,,,,,,,,,1.000,2.000,13.000,22.000,3.160,3.500,3.470,40460.000,0.032738,3.450,3.490,9422.000,1.000,1.000,3.200,46.000,0.032738,0.002,0.002,0.003,0.002,0.001
10362,2001/08/14,,11,3,7360,12364910,BUTL,BUTLER INTERNATIONAL INC NEW,,BUTL,,Q,A,R,8283,10884,3,7360,12364910,,,,,,,,0.000,,,,,,,,,,,,,1.000,2.000,11.000,22.000,3.450,3.550,3.510,45192.000,0.011527,3.450,3.570,9422.000,1.000,1.000,3.450,18.000,0.011527,-0.002,-0.002,0.002,0.002,-0.004
10362,2001/08/15,,11,3,7360,12364910,BUTL,BUTLER INTERNATIONAL INC NEW,,BUTL,,Q,A,R,8283,10884,3,7360,12364910,,,,,,,,0.000,,,,,,,,,,,,,1.000,2.000,13.000,22.000,3.450,3.540,3.510,61902.000,0.000000,3.510,3.570,9422.000,1.000,1.000,3.480,17.000,0.000000,-0.007,-0.007,-0.005,-0.005,-0.007
10362,2001/08/16,,11,3,7360,12364910,BUTL,BUTLER INTERNATIONAL INC NEW,,BUTL,,Q,A,R,8283,10884,3,7360,12364910,,,,,,,,0.000,,,,,,,,,,,,,1.000,2.000,11.000,22.000,3.480,3.520,3.520,52550.000,0.002849,3.420,3.590,9422.000,1.000,1.000,3.520,5.000,0.002849,0.002,0.002,-0.002,-0.002,0.003
10362,2001/08/17,,11,3,7360,12364910,BUTL,BUTLER INTERNATIONAL INC NEW,,BUTL,,Q,A,R,8283,10884,3,7360,12364910,,,,,,,,0.000,,,,,,,,,,,,,1.000,2.000,12.000,22.000,3.250,3.490,3.250,477.000,-0.076705,3.300,3.420,9422.000,1.000,1.000,3.490,3.000,-0.076705,-0.016,-0.016,-0.007,-0.007,-0.017
10362,2001/08/20,,11,3,7360,12364910,BUTL,BUTLER INTERNATIONAL INC NEW,,BUTL,,Q,A,R,8283,10884,3,7360,12364910,,,,,,,,0.000,,,,,,,,,,,,,1.000,2.000,11.000,22.000,3.100,3.350,3.330,5863.000,0.024615,3.150,3.300,9422.000,1.000,1.000,3.250,13.000,0.024615,0.007,0.007,-0.000,-0.000,0.008
10362,2001/08/21,,11,3,7360,12364910,BUTL,BUTLER INTERNATIONAL INC NEW,,BUTL,,Q,A,R,8283,10884,3,7360,12364910,,,,,,,,0.000,,,,,,,,,,,,,1.000,2.000,13.000,22.000,2.960,3.480,3.150,51043.000,-0.054054,3.060,3.170,9422.000,1.000,1.000,3.150,26.000,-0.054054,-0.011,-0.011,-0.008,-0.008,-0.012
10362,2001/08/22,,11,3,7360,12364910,BUTL,BUTLER INTERNATIONAL INC NEW,,BUTL,,Q,A,R,8283,10884,3,7360,12364910,,,,,,,,0.000,,,,,,,,,,,,,1.000,2.000,12.000,22.000,2.950,3.360,3.000,14391.000,-0.047619,3.000,3.200,9422.000,1.000,1.000,3.060,21.000,-0.047619,0.007,0.007,0.004,0.004,0.007
10362,2001/08/23,,11,3,7360,12364910,BUTL,BUTLER INTERNATIONAL INC NEW,,BUTL,,Q,A,R,8283,10884,3,7360,12364910,,,,,,,,0.000,,,,,,,,,,,,,1.000,2.000,11.000,22.000,2.960,3.000,3.000,13300.000,0.000000,2.960,3.000,9422.000,1.000,1.000,3.000,20.000,0.000000,-0.003,-0.003,-0.004,-0.004,-0.003
10362,2001/08/24,,11,3,7360,12364910,BUTL,BUTLER INTERNATIONAL INC NEW,,BUTL,,Q,A,R,8283,10884,3,7360,12364910,,,,,,,,2.000,,,,,,,,,,,,,1.000,2.000,12.000,22.000,2.920,3.000,2.940,15262.000,-0.020000,2.920,2.960,9422.000,1.000,1.000,3.000,16.000,-0.020000,0.018,0.018,0.011,0.011,0.020
10362,2001/08/27,,11,3,7360,12364910,BUTL,BUTLER INTERNATIONAL INC NEW,,BUTL,,Q,A,R,8283,10884,3,7360,12364910,,,,,,,,,,,,,,,,,,,,,,,,,2.800,2.900,2.810,7686.000,-0.044218,2.800,2.950,9422.000,1.000,1.000,2.900,15.000,-0.044218,-0.004,-0.004,-0.002,-0.002,-0.005
10362,2001/08/28,,11,3,7360,12364910,BUTL,BUTLER INTERNATIONAL INC NEW,,BUTL,,Q,A,R,8283,10884,3,7360,12364910,,,,,,,,2.000,,,,,,,,,,,,,1.000,2.000,11.000,22.000,2.800,2.910,2.900,14400.000,0.032029,2.900,2.950,9422.000,1.000,1.000,2.900,11.000,0.032029,-0.014,-0.014,-0.007,-0.007,-0.015
10362,2001/08/29,,11,3,7360,12364910,BUTL,BUTLER INTERNATIONAL INC NEW,,BUTL,,Q,A,R,8283,10884,3,7360,12364910,,,,,,,,2.000,,,,,,,,,,,,,1.000,2.000,10.000,22.000,2.820,2.890,2.850,12731.000,-0.017241,2.860,2.960,9422.000,1.000,1.000,2.821,8.000,-0.017241,-0.010,-0.010,-0.003,-0.003,-0.011
10362,2001/08/30,,11,3,7360,12364910,BUTL,BUTLER INTERNATIONAL INC NEW,,BUTL,,Q,A,R,8283,10884,3,7360,12364910,,,,,,,,,,,,,,,,,,,,,,,,,2.650,2.900,2.800,20633.000,-0.017544,2.800,2.850,9422.000,1.000,1.000,2.800,24.000,-0.017544,-0.016,-0.016,-0.009,-0.009,-0.017
10362,2001/08/31,,11,3,7360,12364910,BUTL,BUTLER INTERNATIONAL INC NEW,,BUTL,,Q,A,R,8283,10884,3,7360,12364910,,,,,,,,,,,,,,,,,,,,,,,,,2.700,2.795,2.750,2043.000,-0.017857,2.700,2.800,9422.000,1.000,1.000,2.700,3.000,-0.017857,0.004,0.004,0.006,0.006,0.004
10362,2001/09/04,,11,3,7360,12364910,BUTL,BUTLER INTERNATIONAL INC NEW,,BUTL,,Q,A,R,8283,10884,3,7360,12364910,,,,,,,,2.000,,,,,,,,,,,,,1.000,2.000,12.000,22.000,2.700,2.930,2.750,32307.000,0.000000,2.860,3.000,9422.000,1.000,1.000,2.751,28.000,0.000000,-0.002,-0.002,-0.006,-0.006,-0.001
10362,2001/09/05,,11,3,7360,12364910,BUTL,BUTLER INTERNATIONAL INC NEW,,BUTL,,Q,A,R,8283,10884,3,7360,12364910,,,,,,,,2.000,,,,,,,,,,,,,1.000,2.000,9.000,22.000,2.500,2.800,2.800,4015.000,0.018182,2.650,2.800,9422.000,1.000,1.000,2.600,6.000,0.018182,-0.003,-0.003,-0.009,-0.009,-0.001
10362,2001/09/06,,11,3,7360,12364910,BUTL,BUTLER INTERNATIONAL INC NEW,,BUTL,,Q,A,R,8283,10884,3,7360,12364910,,,,,,,,,,,,,,,,,,,,,,,,,2.650,2.670,2.650,2770.000,-0.053571,2.700,2.850,9422.000,1.000,1.000,2.670,7.000,-0.053571,-0.021,-0.021,-0.014,-0.014,-0.022
10362,2001/09/07,,11,3,7360,12364910,BUTL,BUTLER INTERNATIONAL INC NEW,,BUTL,,Q,A,R,8283,10884,3,7360,12364910,,,,,,,,2.000,,,,,,,,,,,,,1.000,2.000,11.000,22.000,2.500,2.700,2.700,15051.000,0.018868,2.500,2.750,9422.000,1.000,1.000,2.650,16.000,0.018868,-0.018,-0.018,-0.012,-0.012,-0.019
10362,2001/09/10,,11,3,7360,12364910,BUTL,BUTLER INTERNATIONAL INC NEW,,BUTL,,Q,A,R,8283,10884,3,7360,12364910,,,,,,,,2.000,,,,,,,,,,,,,1.000,2.000,10.000,22.000,2.500,2.550,2.510,16059.000,-0.070370,2.500,2.600,9422.000,1.000,1.000,2.500,16.000,-0.070370,0.004,0.004,-0.007,-0.007,0.006
10362,2001/09/17,,11,3,7360,12364910,BUTL,BUTLER INTERNATIONAL INC NEW,,BUTL,,Q,A,R,8283,10884,3,7360,12364910,,,,,,,,2.000,,,,,,,,,,,,,1.000,2.000,9.000,22.000,2.245,2.460,2.300,20512.000,-0.083665,2.260,2.350,9422.000,1.000,1.000,2.460,19.000,-0.083665,-0.051,-0.051,-0.042,-0.043,-0.049
10362,2001/09/18,,11,3,7360,12364910,BUTL,BUTLER INTERNATIONAL INC NEW,,BUTL,,Q,A,R,8283,10884,3,7360,12364910,,,,,,,,2.000,,,,,,,,,,,,,1.000,2.000,10.000,22.000,2.500,2.930,2.500,22085.000,0.086957,2.450,2.700,9422.000,1.000,1.000,2.570,25.000,0.086957,-0.008,-0.008,-0.010,-0.010,-0.006
10362,2001/09/19,,11,3,7360,12364910,BUTL,BUTLER INTERNATIONAL INC NEW,,BUTL,,Q,A,R,8283,10884,3,7360,12364910,,,,,,,,2.000,,,,,,,,,,,,,1.000,2.000,11.000,22.000,2.040,2.300,2.300,24454.000,-0.080000,2.100,2.300,9422.000,1.000,1.000,2.300,32.000,-0.080000,-0.017,-0.017,-0.024,-0.024,-0.016
10362,2001/09/20,,11,3,7360,12364910,BUTL,BUTLER INTERNATIONAL INC NEW,,BUTL,,Q,A,R,8283,10884,3,7360,12364910,,,,,,,,2.000,,,,,,,,,,,,,1.000,2.000,9.000,22.000,2.020,2.100,2.060,14140.000,-0.104348,2.060,2.150,9422.000,1.000,1.000,2.100,11.000,-0.104348,-0.031,-0.031,-0.033,-0.033,-0.031
10362,2001/09/21,,11,3,7360,12364910,BUTL,BUTLER INTERNATIONAL INC NEW,,BUTL,,Q,A,R,8283,10884,3,7360,12364910,,,,,,,,,,,,,,,,,,,,,,,,,1.900,2.480,1.900,44410.000,-0.077670,1.900,2.040,9422.000,1.000,1.000,2.250,34.000,-0.077670,-0.019,-0.019,-0.020,-0.020,-0.019
10362,2001/09/24,,11,3,7360,12364910,BUTL,BUTLER INTERNATIONAL INC NEW,,BUTL,,Q,A,R,8283,10884,3,7360,12364910,,,,,,,,2.000,,,,,,,,,,,,,1.000,2.000,10.000,22.000,1.950,2.040,2.000,7851.000,0.052632,1.950,2.000,9422.000,1.000,1.000,2.040,8.000,0.052632,0.038,0.038,0.033,0.033,0.039
10362,2001/09/25,,11,3,7360,12364910,BUTL,BUTLER INTERNATIONAL INC NEW,,BUTL,,Q,A,R,8283,10884,3,7360,12364910,,,,,,,,,,,,,,,,,,,,,,,,,1.950,2.050,2.000,21158.000,0.000000,1.950,2.040,9422.000,1.000,1.000,2.000,15.000,0.000000,0.008,0.008,0.004,0.004,0.009
10362,2001/09/26,,11,3,7360,12364910,BUTL,BUTLER INTERNATIONAL INC NEW,,BUTL,,Q,A,R,8283,10884,3,7360,12364910,,,,,,,,2.000,,,,,,,,,,,,,1.000,2.000,11.000,22.000,1.960,1.960,1.960,1228.000,-0.020000,1.950,2.030,9422.000,1.000,1.000,1.960,5.000,-0.020000,-0.006,-0.006,-0.010,-0.010,-0.005
10362,2001/09/27,,11,3,7360,12364910,BUTL,BUTLER INTERNATIONAL INC NEW,,BUTL,,Q,A,R,8283,10884,3,7360,12364910,,,,,,,,2.000,,,,,,,,,,,,,1.000,2.000,10.000,22.000,1.910,1.960,1.910,43660.000,-0.025510,1.900,1.930,9422.000,1.000,1.000,1.950,17.000,-0.025510,0.011,0.011,-0.001,-0.001,0.011
10362,2001/09/28,,11,3,7360,12364910,BUTL,BUTLER INTERNATIONAL INC NEW,,BUTL,,Q,A,R,8283,10884,3,7360,12364910,,,,,,,,0.000,,,,,,,,,,,,,1.000,2.000,12.000,22.000,1.700,1.930,1.800,105072.000,-0.057592,1.800,1.850,9422.000,1.000,1.000,1.930,33.000,-0.057592,0.023,0.023,0.025,0.025,0.022
10362,2001/10/01,,11,3,7360,12364910,BUTL,BUTLER INTERNATIONAL INC NEW,,BUTL,,Q,A,R,8283,10884,3,7360,12364910,,,,,,,,0.000,,,,,,,,,,,,,1.000,2.000,11.000,2.000,1.800,2.000,1.950,120562.000,0.083333,1.910,1.950,9422.000,1.000,1.000,1.850,36.000,0.083333,-0.004,-0.004,-0.010,-0.010,-0.002
10362,2001/10/02,,11,3,7360,12364910,BUTL,BUTLER INTERNATIONAL INC NEW,,BUTL,,Q,A,R,8283,10884,3,7360,12364910,,,,,,,,,,,,,,,,,,,,,,,,,1.850,1.970,1.860,33741.000,-0.046154,1.860,1.940,9422.000,1.000,1.000,1.970,27.000,-0.046154,0.012,0.012,0.007,0.007,0.012
10362,2001/10/03,,11,3,7360,12364910,BUTL,BUTLER INTERNATIONAL INC NEW,,BUTL,,Q,A,R,8283,10884,3,7360,12364910,,,,,,,,,,,,,,,,,,,,,,,,,1.870,1.940,1.870,6530.000,0.005376,1.880,1.940,9422.000,1.000,1.000,1.939,7.000,0.005376,0.022,0.022,0.021,0.021,0.020
10362,2001/10/04,,11,3,7360,12364910,BUTL,BUTLER INTERNATIONAL INC NEW,,BUTL,,Q,A,R,8283,10884,3,7360,12364910,,,,,,,,,,,,,,,,,,,,,,,,,1.880,1.950,1.900,20697.000,0.016043,1.880,1.900,9422.000,1.000,1.000,1.900,15.000,0.016043,-0.000,-0.000,0.011,0.011,-0.002
10362,2001/10/05,,11,3,7360,12364910,BUTL,BUTLER INTERNATIONAL INC NEW,,BUTL,,Q,A,R,8283,10884,3,7360,12364910,,,,,,,,0.000,,,,,,,,,,,,,1.000,2.000,10.000,2.000,1.900,1.960,1.900,31728.000,0.000000,1.900,1.930,9422.000,1.000,1.000,1.950,10.000,0.000000,0.000,0.000,0.001,0.000,0.002
10362,2001/10/08,,11,3,7360,12364910,BUTL,BUTLER INTERNATIONAL INC NEW,,BUTL,,Q,A,R,8283,10884,3,7360,12364910,,,,,,,,,,,,,,,,,,,,,,,,,1.900,1.930,1.920,12474.000,0.010526,1.920,1.940,9422.000,1.000,1.000,1.930,8.000,0.010526,-0.008,-0.008,-0.002,-0.002,-0.008
10362,2001/10/09,,11,3,7360,12364910,BUTL,BUTLER INTERNATIONAL INC NEW,,BUTL,,Q,A,R,8283,10884,3,7360,12364910,,,,,,,,0.000,,,,,,,,,,,,,1.000,2.000,11.000,2.000,1.920,1.960,1.920,22225.000,0.000000,1.910,1.930,9422.000,1.000,1.000,1.960,9.000,0.000000,-0.005,-0.005,-0.004,-0.004,-0.005
10362,2001/10/10,,11,3,7360,12364910,BUTL,BUTLER INTERNATIONAL INC NEW,,BUTL,,Q,A,R,8283,10884,3,7360,12364910,,,,,,,,,,,,,,,,,,,,,,,,,1.900,1.950,1.950,5137.000,0.015625,1.920,1.950,9422.000,1.000,1.000,1.900,5.000,0.015625,0.023,0.023,0.019,0.019,0.023
10362,2001/10/11,,11,3,7360,12364910,BUTL,BUTLER INTERNATIONAL INC NEW,,BUTL,,Q,A,R,8283,10884,3,7360,12364910,,,,,,,,0.000,,,,,,,,,,,,,1.000,2.000,12.000,2.000,1.880,2.110,2.100,380020.000,0.076923,2.040,2.050,9422.000,1.000,1.000,1.950,54.000,0.076923,0.017,0.017,0.019,0.019,0.015
10362,2001/10/12,,11,3,7360,12364910,BUTL,BUTLER INTERNATIONAL INC NEW,,BUTL,,Q,A,R,8283,10884,3,7360,12364910,,,,,,,,,,,,,,,,,,,,,,,,,1.960,2.320,2.150,42226.000,0.023810,2.250,2.340,9422.000,1.000,1.000,2.160,41.000,0.023810,-0.005,-0.005,0.000,0.000,-0.005
10362,2001/10/15,,11,3,7360,12364910,BUTL,BUTLER INTERNATIONAL INC NEW,,BUTL,,Q,A,R,8283,10884,3,7360,12364910,,,,,,,,0.000,,,,,,,,,,,,,1.000,2.000,10.000,2.000,2.270,2.650,2.500,144829.000,0.162791,2.500,2.640,9422.000,1.000,1.000,2.270,24.000,0.162791,-0.001,-0.001,0.003,0.003,-0.002
10362,2001/10/16,,11,3,7360,12364910,BUTL,BUTLER INTERNATIONAL INC NEW,,BUTL,,Q,A,R,8283,10884,3,7360,12364910,,,,,,,,,,,,,,,,,,,,,,,,,2.370,2.720,2.610,4215.000,0.044000,2.520,2.610,9422.000,1.000,1.000,2.630,9.000,0.044000,0.008,0.008,0.011,0.011,0.007
10362,2001/10/17,,11,3,7360,12364910,BUTL,BUTLER INTERNATIONAL INC NEW,,BUTL,,Q,A,R,8283,10884,3,7360,12364910,,,,,,,,,,,,,,,,,,,,,,,,,2.450,2.750,2.590,24190.000,-0.007663,2.510,2.650,9422.000,1.000,1.000,2.550,29.000,-0.007663,-0.019,-0.019,-0.006,-0.006,-0.019
10362,2001/10/18,,11,3,7360,12364910,BUTL,BUTLER INTERNATIONAL INC NEW,,BUTL,,Q,A,R,8283,10884,3,7360,12364910,,,,,,,,,,,,,,,,,,,,,,,,,2.460,2.750,2.700,33156.000,0.042471,2.620,2.740,9422.000,1.000,1.000,2.460,22.000,0.042471,-0.007,-0.007,-0.005,-0.005,-0.008
10362,2001/10/19,,11,3,7360,12364910,BUTL,BUTLER INTERNATIONAL INC NEW,,BUTL,,Q,A,R,8283,10884,3,7360,12364910,,,,,,,,,,,,,,,,,,,,,,,,,2.400,2.750,2.750,11777.000,0.018519,2.700,2.750,9422.000,1.000,1.000,2.450,21.000,0.018519,0.005,0.005,0.005,0.005,0.005
10362,2001/10/22,,11,3,7360,12364910,BUTL,BUTLER INTERNATIONAL INC NEW,,BUTL,,Q,A,R,8283,10884,3,7360,12364910,,,,,,,,,,,,,,,,,,,,,,,,,2.700,2.800,2.800,300.000,0.018182,2.550,2.800,9422.000,1.000,1.000,2.700,3.000,0.018182,0.015,0.015,0.008,0.008,0.015
10362,2001/10/23,,11,3,7360,12364910,BUTL,BUTLER INTERNATIONAL INC NEW,,BUTL,,Q,A,R,8283,10884,3,7360,12364910,,,,,,,,0.000,,,,,,,,,,,,,1.000,2.000,11.000,2.000,2.260,2.700,2.480,7710.000,-0.114286,2.350,2.600,9422.000,1.000,1.000,2.700,13.000,-0.114286,-0.004,-0.004,0.000,0.000,-0.005
10362,2001/10/24,,11,3,7360,12364910,BUTL,BUTLER INTERNATIONAL INC NEW,,BUTL,,Q,A,R,8283,10884,3,7360,12364910,,,,,,,,,,,,,,,,,,,,,,,,,2.350,2.700,2.640,30811.000,0.064516,2.600,2.690,9422.000,1.000,1.000,2.600,31.000,0.064516,0.001,0.001,0.004,0.004,0.000
10362,2001/10/25,,11,3,7360,12364910,BUTL,BUTLER INTERNATIONAL INC NEW,,BUTL,,Q,A,R,8283,10884,3,7360,12364910,,,,,,,,0.000,,,,,,,,,,,,,1.000,2.000,10.000,2.000,2.300,2.600,2.600,14276.000,-0.015152,2.450,2.650,9422.000,1.000,1.000,2.400,18.000,-0.015152,0.014,0.014,0.011,0.011,0.014
10362,2001/10/26,,11,3,7360,12364910,BUTL,BUTLER INTERNATIONAL INC NEW,,BUTL,,Q,A,R,8283,10884,3,7360,12364910,,,,,,,,0.000,,,,,,,,,,,,,1.000,2.000,11.000,2.000,2.300,2.500,2.490,18938.000,-0.042308,2.360,2.490,9422.000,1.000,1.000,2.442,29.000,-0.042308,0.004,0.004,0.007,0.007,0.004
10362,2001/10/29,,11,3,7360,12364910,BUTL,BUTLER INTERNATIONAL INC NEW,,BUTL,,Q,A,R,8283,10884,3,7360,12364910,,,,,,,,,,,,,,,,,,,,,,,,,2.060,2.690,2.550,31154.000,0.024096,2.450,2.600,9422.000,1.000,1.000,2.350,21.000,0.024096,-0.023,-0.023,-0.009,-0.009,-0.024
10362,2001/10/30,,11,3,7360,12364910,BUTL,BUTLER INTERNATIONAL INC NEW,,BUTL,,Q,A,R,8283,10884,3,7360,12364910,,,,,,,,,,,,,,,,,,,,,,,,,2.300,2.600,2.430,5305.000,-0.047059,2.430,2.600,9422.000,1.000,1.000,2.300,12.000,-0.047059,-0.017,-0.017,-0.011,-0.012,-0.017
10362,2001/10/31,,11,3,7360,12364910,BUTL,BUTLER INTERNATIONAL INC NEW,,BUTL,,Q,A,R,8283,10884,3,7360,12364910,,,,,,,,,,,,,,,,,,,,,,,,,2.430,2.570,2.570,1317.000,0.057613,2.430,2.580,9422.000,1.000,1.000,2.430,3.000,0.057613,0.002,0.002,0.011,0.011,-0.000
10362,2001/11/01,,11,3,7360,12364910,BUTL,BUTLER INTERNATIONAL INC NEW,,BUTL,,Q,A,R,8283,10884,3,7360,12364910,,,,,,,,0.000,,,,,,,,,,,,,1.000,2.000,10.000,2.000,2.440,2.580,-2.510,0.000,-0.023346,2.440,2.580,9422.000,1.000,1.000,,0.000,-0.023346,0.021,0.021,0.009,0.009,0.023
10362,2001/11/02,,11,3,7360,12364910,BUTL,BUTLER INTERNATIONAL INC NEW,,BUTL,,Q,A,R,8283,10884,3,7360,12364910,,,,,,,,,,,,,,,,,,,,,,,,,2.440,2.550,-2.495,0.000,-0.005976,2.440,2.550,9422.000,1.000,1.000,,0.000,-0.005976,0.002,0.002,-0.001,-0.001,0.003
10362,2001/11/05,,11,3,7360,12364910,BUTL,BUTLER INTERNATIONAL INC NEW,,BUTL,,Q,A,R,8283,10884,3,7360,12364910,,,,,,,,,,,,,,,,,,,,,,,,,2.460,2.570,-2.515,0.000,0.008016,2.460,2.570,9422.000,1.000,1.000,,0.000,0.008016,0.014,0.014,0.008,0.008,0.014
10362,2001/11/06,,11,3,7360,12364910,BUTL,BUTLER INTERNATIONAL INC NEW,,BUTL,,Q,A,R,8283,10884,3,7360,12364910,,,,,,,,,,,,,,,,,,,,,,,,,2.120,2.450,2.450,9816.000,-0.025845,2.460,2.560,9422.000,1.000,1.000,2.450,26.000,-0.025845,0.014,0.014,0.007,0.007,0.015
10362,2001/11/07,,11,3,7360,12364910,BUTL,BUTLER INTERNATIONAL INC NEW,,BUTL,,Q,A,R,8283,10884,3,7360,12364910,,,,,,,,,,,,,,,,,,,,,,,,,2.300,2.362,2.360,4800.000,-0.036735,2.350,2.360,9422.000,1.000,1.000,2.300,7.000,-0.036735,-0.002,-0.002,0.001,0.001,-0.003
10362,2001/11/08,,11,3,7360,12364910,BUTL,BUTLER INTERNATIONAL INC NEW,,BUTL,,Q,A,R,8283,10884,3,7360,12364910,,,,,,,,0.000,,,,,,,,,,,,,1.000,2.000,9.000,2.000,2.380,2.380,2.380,250.000,0.008475,2.300,2.390,9422.000,1.000,1.000,2.380,1.000,0.008475,0.001,0.001,0.003,0.003,0.002
10362,2001/11/09,,11,3,7360,12364910,BUTL,BUTLER INTERNATIONAL INC NEW,,BUTL,,Q,A,R,8283,10884,3,7360,12364910,,,,,,,,0.000,,,,,,,,,,,,,1.000,2.000,10.000,2.000,2.280,2.300,2.300,4400.000,-0.033614,2.260,2.300,9422.000,1.000,1.000,2.280,6.000,-0.033614,0.001,0.001,0.003,0.003,0.002
10362,2001/11/12,,11,3,7360,12364910,BUTL,BUTLER INTERNATIONAL INC NEW,,BUTL,,Q,A,R,8283,10884,3,7360,12364910,,,,,,,,0.000,,,,,,,,,,,,,1.000,2.000,10.000,2.000,2.150,2.300,2.300,5359.000,0.000000,2.200,2.350,9422.000,1.000,1.000,2.250,9.000,0.000000,-0.001,-0.001,0.001,0.001,-0.002
10362,2001/11/13,,11,3,7360,12364910,BUTL,BUTLER INTERNATIONAL INC NEW,,BUTL,,Q,A,R,8283,10884,3,7360,12364910,,,,,,,,,,,,,,,,,,,,,,,,,2.250,2.261,2.250,2800.000,-0.021739,2.210,2.260,9422.000,1.000,1.000,2.261,4.000,-0.021739,0.019,0.018,0.014,0.014,0.019
10362,2001/11/14,,11,3,7360,12364910,BUTL,BUTLER INTERNATIONAL INC NEW,,BUTL,,Q,A,R,8283,10884,3,7360,12364910,,,,,,,,,,,,,,,,,,,,,,,,,2.210,2.350,2.350,27254.000,0.044444,2.250,2.380,9422.000,1.000,1.000,2.210,14.000,0.044444,0.003,0.003,0.008,0.007,0.002
10362,2001/11/15,,11,3,7360,12364910,BUTL,BUTLER INTERNATIONAL INC NEW,,BUTL,,Q,A,R,8283,10884,3,7360,12364910,,,,,,,,0.000,,,,,,,,,,,,,1.000,2.000,9.000,2.000,2.250,2.350,2.350,1377.000,0.000000,2.350,2.380,9422.000,1.000,1.000,2.250,3.000,0.000000,0.000,0.000,0.000,0.000,0.001
10362,2001/11/16,,11,3,7360,12364910,BUTL,BUTLER INTERNATIONAL INC NEW,,BUTL,,Q,A,R,8283,10884,3,7360,12364910,,,,,,,,0.000,,,,,,,,,,,,,1.000,2.000,10.000,2.000,2.350,2.450,2.450,15508.000,0.042553,2.400,2.450,9422.000,1.000,1.000,2.380,11.000,0.042553,-0.002,-0.002,0.006,0.006,-0.003
10362,2001/11/19,,11,3,7360,12364910,BUTL,BUTLER INTERNATIONAL INC NEW,,BUTL,,Q,A,R,8283,10884,3,7360,12364910,,,,,,,,,,,,,,,,,,,,,,,,,2.450,2.450,2.450,630.000,0.000000,2.410,2.460,9422.000,1.000,1.000,2.450,2.000,0.000000,0.012,0.012,0.012,0.012,0.011
10362,2001/11/20,,11,3,7360,12364910,BUTL,BUTLER INTERNATIONAL INC NEW,,BUTL,,Q,A,R,8283,10884,3,7360,12364910,,,,,,,,,,,,,,,,,,,,,,,,,2.300,2.460,2.300,31291.000,-0.061225,2.250,2.380,9422.000,1.000,1.000,2.400,27.000,-0.061225,-0.008,-0.008,-0.005,-0.005,-0.007
10362,2001/11/21,,11,3,7360,12364910,BUTL,BUTLER INTERNATIONAL INC NEW,,BUTL,,Q,A,R,8283,10884,3,7360,12364910,,,,,,,,0.000,,,,,,,,,,,,,1.000,2.000,9.000,2.000,2.210,2.380,2.380,14150.000,0.034783,2.400,2.450,9422.000,1.000,1.000,2.250,23.000,0.034783,-0.004,-0.005,0.000,0.000,-0.005
10362,2001/11/23,,11,3,7360,12364910,BUTL,BUTLER INTERNATIONAL INC NEW,,BUTL,,Q,A,R,8283,10884,3,7360,12364910,,,,,,,,0.000,,,,,,,,,,,,,1.000,2.000,8.000,2.000,2.130,2.210,2.192,3100.000,-0.079034,2.190,2.380,9422.000,1.000,1.000,2.210,10.000,-0.079034,0.012,0.012,0.010,0.010,0.012
10362,2001/11/26,,11,3,7360,12364910,BUTL,BUTLER INTERNATIONAL INC NEW,,BUTL,,Q,A,R,8283,10884,3,7360,12364910,,,,,,,,,,,,,,,,,,,,,,,,,2.150,2.192,2.150,1586.000,-0.018979,2.150,2.180,9422.000,1.000,1.000,2.192,3.000,-0.018979,0.007,0.007,0.006,0.006,0.006
10362,2001/11/27,,11,3,7360,12364910,BUTL,BUTLER INTERNATIONAL INC NEW,,BUTL,,Q,A,R,8283,10884,3,7360,12364910,,,,,,,,,,,,,,,,,,,,,,,,,2.100,2.500,2.280,36396.000,0.060317,2.150,2.290,9422.000,1.000,1.000,2.160,22.000,0.060317,-0.005,-0.005,0.002,0.002,-0.007
10362,2001/11/28,,11,3,7360,12364910,BUTL,BUTLER INTERNATIONAL INC NEW,,BUTL,,Q,A,R,8283,10884,3,7360,12364910,,,,,,,,,,,,,,,,,,,,,,,,,2.120,2.151,2.120,3076.000,-0.070175,2.120,2.140,9422.000,1.000,1.000,2.150,6.000,-0.070175,-0.017,-0.018,-0.010,-0.010,-0.018
10362,2001/11/29,,11,3,7360,12364910,BUTL,BUTLER INTERNATIONAL INC NEW,,BUTL,,Q,A,R,8283,10884,3,7360,12364910,,,,,,,,0.000,,,,,,,,,,,,,1.000,2.000,9.000,2.000,2.050,2.150,2.090,93900.000,-0.014151,2.050,2.130,9422.000,1.000,1.000,2.150,60.000,-0.014151,0.011,0.011,0.009,0.009,0.010
10362,2001/11/30,,11,3,7360,12364910,BUTL,BUTLER INTERNATIONAL INC NEW,,BUTL,,Q,A,R,8283,10884,3,7360,12364910,,,,,,,,0.000,,,,,,,,,,,,,1.000,2.000,8.000,2.000,2.030,2.031,2.031,600.000,-0.028277,2.020,2.030,9422.000,1.000,1.000,2.030,2.000,-0.028277,-0.001,-0.001,0.001,0.001,-0.001
10362,2001/12/03,,11,3,7360,12364910,BUTL,BUTLER INTERNATIONAL INC NEW,,BUTL,,Q,A,R,8283,10884,3,7360,12364910,,,,,,,,0.000,,,,,,,,,,,,,1.000,2.000,9.000,2.000,2.010,2.090,2.090,176807.000,0.029100,2.010,2.090,9422.000,1.000,1.000,2.021,81.000,0.029100,-0.008,-0.008,-0.007,-0.007,-0.008
10362,2001/12/04,,11,3,7360,12364910,BUTL,BUTLER INTERNATIONAL INC NEW,,BUTL,,Q,A,R,8283,10884,3,7360,12364910,,,,,,,,0.000,,,,,,,,,,,,,1.000,2.000,10.000,2.000,2.010,2.091,2.020,39044.000,-0.033493,2.020,2.050,9422.000,1.000,1.000,2.091,24.000,-0.033493,0.015,0.015,0.012,0.012,0.013
10362,2001/12/05,,11,3,7360,12364910,BUTL,BUTLER INTERNATIONAL INC NEW,,BUTL,,Q,A,R,8283,10884,3,7360,12364910,,,,,,,,0.000,,,,,,,,,,,,,1.000,2.000,8.000,2.000,2.020,2.021,2.020,5143.000,0.000000,2.050,2.100,9422.000,1.000,1.000,2.020,8.000,0.000000,0.023,0.023,0.017,0.017,0.022
10362,2001/12/06,,11,3,7360,12364910,BUTL,BUTLER INTERNATIONAL INC NEW,,BUTL,,Q,A,R,8283,10884,3,7360,12364910,,,,,,,,0.000,,,,,,,,,,,,,1.000,2.000,9.000,2.000,2.020,2.100,2.100,2337.000,0.039604,2.050,2.100,9422.000,1.000,1.000,2.050,4.000,0.039604,-0.001,-0.001,0.006,0.006,-0.003
10362,2001/12/07,,11,3,7360,12364910,BUTL,BUTLER INTERNATIONAL INC NEW,,BUTL,,Q,A,R,8283,10884,3,7360,12364910,,,,,,,,,,,,,,,,,,,,,,,,,2.010,2.050,2.020,11831.000,-0.038095,2.020,2.090,9422.000,1.000,1.000,2.050,10.000,-0.038095,-0.007,-0.007,0.002,0.002,-0.008
10362,2001/12/10,,11,3,7360,12364910,BUTL,BUTLER INTERNATIONAL INC NEW,,BUTL,,Q,A,R,8283,10884,3,7360,12364910,,,,,,,,0.000,,,,,,,,,,,,,1.000,2.000,8.000,2.000,2.020,2.090,2.090,44453.000,0.034653,2.050,2.100,9422.000,1.000,1.000,2.021,7.000,0.034653,-0.015,-0.015,-0.007,-0.007,-0.016
10362,2001/12/11,,11,3,7360,12364910,BUTL,BUTLER INTERNATIONAL INC NEW,,BUTL,,Q,A,R,8283,10884,3,7360,12364910,,,,,,,,0.000,,,,,,,,,,,,,1.000,2.000,9.000,2.000,2.020,2.050,2.020,6027.000,-0.033493,2.030,2.100,9422.000,1.000,1.000,2.050,6.000,-0.033493,-0.002,-0.002,0.003,0.003,-0.003
10362,2001/12/12,,11,3,7360,12364910,BUTL,BUTLER INTERNATIONAL INC NEW,,BUTL,,Q,A,R,8283,10884,3,7360,12364910,,,,,,,,,,,,,,,,,,,,,,,,,2.010,2.050,2.040,28074.000,0.009901,2.010,2.040,9422.000,1.000,1.000,2.050,18.000,0.009901,0.001,0.000,0.002,0.002,0.000
10362,2001/12/13,,11,3,7360,12364910,BUTL,BUTLER INTERNATIONAL INC NEW,,BUTL,,Q,A,R,8283,10884,3,7360,12364910,,,,,,,,,,,,,,,,,,,,,,,,,1.910,2.040,1.950,168294.000,-0.044118,1.920,1.950,9422.000,1.000,1.000,2.040,47.000,-0.044118,-0.015,-0.015,-0.008,-0.008,-0.016
10362,2001/12/14,,11,3,7360,12364910,BUTL,BUTLER INTERNATIONAL INC NEW,,BUTL,,Q,A,R,8283,10884,3,7360,12364910,,,,,,,,0.000,,,,,,,,,,,,,1.000,2.000,8.000,2.000,1.910,1.910,1.910,1749.000,-0.020513,1.920,1.990,9422.000,1.000,1.000,1.910,3.000,-0.020513,0.003,0.003,0.002,0.002,0.003
10362,2001/12/17,,11,3,7360,12364910,BUTL,BUTLER INTERNATIONAL INC NEW,,BUTL,,Q,A,R,8283,10884,3,7360,12364910,,,,,,,,0.000,,,,,,,,,,,,,1.000,2.000,9.000,2.000,1.920,1.920,1.920,18950.000,0.005236,1.920,1.940,9422.000,1.000,1.000,1.920,14.000,0.005236,0.010,0.010,0.005,0.005,0.010
10362,2001/12/18,,11,3,7360,12364910,BUTL,BUTLER INTERNATIONAL INC NEW,,BUTL,,Q,A,R,8283,10884,3,7360,12364910,,,,,,,,0.000,,,,,,,,,,,,,1.000,2.000,10.000,2.000,1.860,1.940,1.860,161538.000,-0.031250,1.860,1.890,9422.000,1.000,1.000,1.920,49.000,-0.031250,0.008,0.008,0.007,0.007,0.008
10362,2001/12/19,,11,3,7360,12364910,BUTL,BUTLER INTERNATIONAL INC NEW,,BUTL,,Q,A,R,8283,10884,3,7360,12364910,,,,,,,,0.000,,,,,,,,,,,,,1.000,2.000,9.000,2.000,1.830,1.890,1.890,252793.000,0.016129,1.840,1.890,9422.000,1.000,1.000,1.840,45.000,0.016129,0.004,0.004,-0.003,-0.003,0.006
10362,2001/12/20,,11,3,7360,12364910,BUTL,BUTLER INTERNATIONAL INC NEW,,BUTL,,Q,A,R,8283,10884,3,7360,12364910,,,,,,,,0.000,,,,,,,,,,,,,1.000,2.000,10.000,2.000,1.830,1.890,1.890,80221.000,0.000000,1.830,1.890,9422.000,1.000,1.000,1.890,38.000,0.000000,-0.009,-0.009,-0.009,-0.009,-0.008
10362,2001/12/21,,11,3,7360,12364910,BUTL,BUTLER INTERNATIONAL INC NEW,,BUTL,,Q,A,R,8283,10884,3,7360,12364910,,,,,,,,,,,,,,,,,,,,,,,,,1.830,1.980,1.920,39367.000,0.015873,1.920,1.950,9422.000,1.000,1.000,1.830,35.000,0.015873,0.006,0.006,0.010,0.010,0.004
10362,2001/12/24,,11,3,7360,12364910,BUTL,BUTLER INTERNATIONAL INC NEW,,BUTL,,Q,A,R,8283,10884,3,7360,12364910,,,,,,,,,,,,,,,,,,,,,,,,,1.890,2.050,2.050,15410.000,0.067708,2.000,2.050,9422.000,1.000,1.000,1.890,8.000,0.067708,0.000,0.000,0.004,0.004,-0.000
10362,2001/12/26,,11,3,7360,12364910,BUTL,BUTLER INTERNATIONAL INC NEW,,BUTL,,Q,A,R,8283,10884,3,7360,12364910,,,,,,,,,,,,,,,,,,,,,,,,,1.960,2.440,2.440,50047.000,0.190244,2.360,2.450,9422.000,1.000,1.000,1.960,37.000,0.190244,0.005,0.005,0.007,0.007,0.004
10362,2001/12/27,,11,3,7360,12364910,BUTL,BUTLER INTERNATIONAL INC NEW,,BUTL,,Q,A,R,8283,10884,3,7360,12364910,,,,,,,,,,,,,,,,,,,,,,,,,2.100,2.910,2.910,68572.000,0.192623,2.730,2.940,9422.000,1.000,1.000,2.260,60.000,0.192623,0.007,0.007,0.008,0.008,0.007
10362,2001/12/28,,11,3,7360,12364910,BUTL,BUTLER INTERNATIONAL INC NEW,,BUTL,,Q,A,R,8283,10884,3,7360,12364910,,,,,,,,0.000,,,,,,,,,,,,,1.000,2.000,11.000,2.000,2.430,2.940,2.750,6395.000,-0.054983,2.750,2.900,9422.000,1.000,1.000,2.730,21.000,-0.054983,0.004,0.004,0.009,0.009,0.003
10362,2001/12/31,,11,3,7360,12364910,BUTL,BUTLER INTERNATIONAL INC NEW,,BUTL,,Q,A,R,8283,10884,3,7360,12364910,,,,,,,,0.000,,,,,,,,,,,,,1.000,2.000,11.000,2.000,2.600,2.900,2.900,13443.000,0.054545,2.880,2.890,9418.000,1.000,1.000,2.610,21.000,0.054545,-0.010,-0.010,0.007,0.007,-0.011
10362,2002/01/02,,11,3,7360,12364910,BUTL,BUTLER INTERNATIONAL INC NEW,,BUTL,,Q,A,R,8283,10884,3,7360,12364910,,,,,,,,0.000,,,,,,,,,,,,,1.000,2.000,10.000,2.000,2.410,2.760,2.410,12306.000,-0.168966,2.300,2.380,9418.000,1.000,1.000,2.750,20.000,-0.168966,0.004,0.004,0.008,0.008,0.006
10362,2002/01/03,,11,3,7360,12364910,BUTL,BUTLER INTERNATIONAL INC NEW,,BUTL,,Q,A,R,8283,10884,3,7360,12364910,,,,,,,,0.000,,,,,,,,,,,,,1.000,2.000,11.000,2.000,2.300,2.650,2.360,5896.000,-0.020747,2.360,2.420,9418.000,1.000,1.000,2.650,8.000,-0.020747,0.010,0.010,0.013,0.013,0.009
10362,2002/01/04,,11,3,7360,12364910,BUTL,BUTLER INTERNATIONAL INC NEW,,BUTL,,Q,A,R,8283,10884,3,7360,12364910,,,,,,,,,,,,,,,,,,,,,,,,,2.350,2.450,2.360,33909.000,0.000000,2.360,2.430,9418.000,1.000,1.000,2.360,30.000,0.000000,0.007,0.007,0.011,0.011,0.006
10362,2002/01/07,,11,3,7360,12364910,BUTL,BUTLER INTERNATIONAL INC NEW,,BUTL,,Q,A,R,8283,10884,3,7360,12364910,,,,,,,,0.000,,,,,,,,,,,,,1.000,2.000,10.000,2.000,2.350,2.650,2.650,14148.000,0.122881,2.550,2.650,9418.000,1.000,1.000,2.350,16.000,0.122881,-0.007,-0.007,-0.000,-0.000,-0.006
10362,2002/01/08,,11,3,7360,12364910,BUTL,BUTLER INTERNATIONAL INC NEW,,BUTL,,Q,A,R,8283,10884,3,7360,12364910,,,,,,,,,,,,,,,,,,,,,,,,,2.350,2.500,2.420,11938.000,-0.086792,2.400,2.480,9418.000,1.000,1.000,2.500,8.000,-0.086792,-0.002,-0.003,0.005,0.005,-0.004
10362,2002/01/09,,11,3,7360,12364910,BUTL,BUTLER INTERNATIONAL INC NEW,,BUTL,,Q,A,R,8283,10884,3,7360,12364910,,,,,,,,,,,,,,,,,,,,,,,,,2.400,2.400,2.400,3300.000,-0.008264,2.400,2.450,9418.000,1.000,1.000,2.400,2.000,-0.008264,-0.004,-0.004,0.001,0.001,-0.005
10362,2002/01/10,,11,3,7360,12364910,BUTL,BUTLER INTERNATIONAL INC NEW,,BUTL,,Q,A,R,8283,10884,3,7360,12364910,,,,,,,,,,,,,,,,,,,,,,,,,2.420,2.500,-2.460,0.000,0.025000,2.420,2.500,9418.000,1.000,1.000,,0.000,0.025000,0.001,0.001,0.000,0.000,0.001
10362,2002/01/11,,11,3,7360,12364910,BUTL,BUTLER INTERNATIONAL INC NEW,,BUTL,,Q,A,R,8283,10884,3,7360,12364910,,,,,,,,,,,,,,,,,,,,,,,,,2.400,2.401,2.400,5212.000,-0.024390,2.400,2.500,9418.000,1.000,1.000,2.401,10.000,-0.024390,-0.009,-0.009,-0.004,-0.004,-0.009
10362,2002/01/14,,11,3,7360,12364910,BUTL,BUTLER INTERNATIONAL INC NEW,,BUTL,,Q,A,R,8283,10884,3,7360,12364910,,,,,,,,,,,,,,,,,,,,,,,,,2.400,2.400,2.400,109.000,0.000000,2.400,2.500,9418.000,1.000,1.000,2.400,1.000,0.000000,-0.008,-0.008,-0.010,-0.010,-0.006
10362,2002/01/15,,11,3,7360,12364910,BUTL,BUTLER INTERNATIONAL INC NEW,,BUTL,,Q,A,R,8283,10884,3,7360,12364910,,,,,,,,,,,,,,,,,,,,,,,,,2.380,2.500,2.380,16116.000,-0.008333,2.370,2.380,9418.000,1.000,1.000,2.500,14.000,-0.008333,0.006,0.006,0.001,0.001,0.007
10362,2002/01/16,,11,3,7360,12364910,BUTL,BUTLER INTERNATIONAL INC NEW,,BUTL,,Q,A,R,8283,10884,3,7360,12364910,,,,,,,,,,,,,,,,,,,,,,,,,2.320,2.400,2.400,5536.000,0.008403,2.340,2.400,9418.000,1.000,1.000,2.351,6.000,0.008403,-0.016,-0.016,-0.011,-0.011,-0.016
10362,2002/01/17,,11,3,7360,12364910,BUTL,BUTLER INTERNATIONAL INC NEW,,BUTL,,Q,A,R,8283,10884,3,7360,12364910,,,,,,,,,,,,,,,,,,,,,,,,,2.389,2.400,2.389,2645.000,-0.004583,2.350,2.390,9418.000,1.000,1.000,2.400,3.000,-0.004583,0.010,0.010,0.007,0.007,0.010
10362,2002/01/18,,11,3,7360,12364910,BUTL,BUTLER INTERNATIONAL INC NEW,,BUTL,,Q,A,R,8283,10884,3,7360,12364910,,,,,,,,,,,,,,,,,,,,,,,,,2.190,2.350,2.260,24334.000,-0.053997,2.300,2.350,9418.000,1.000,1.000,2.350,22.000,-0.053997,-0.010,-0.010,-0.006,-0.006,-0.010
10362,2002/01/22,,11,3,7360,12364910,BUTL,BUTLER INTERNATIONAL INC NEW,,BUTL,,Q,A,R,8283,10884,3,7360,12364910,,,,,,,,,,,,,,,,,,,,,,,,,2.230,2.350,2.230,3000.000,-0.013274,2.230,2.400,9418.000,1.000,1.000,2.350,2.000,-0.013274,-0.008,-0.008,-0.008,-0.008,-0.007
10362,2002/01/23,,11,3,7360,12364910,BUTL,BUTLER INTERNATIONAL INC NEW,,BUTL,,Q,A,R,8283,10884,3,7360,12364910,,,,,,,,0.000,,,,,,,,,,,,,1.000,2.000,12.000,2.000,1.800,2.680,2.680,68966.000,0.201794,2.400,2.680,9418.000,1.000,1.000,2.390,80.000,0.201794,0.009,0.009,0.008,0.008,0.008
10362,2002/01/24,,11,3,7360,12364910,BUTL,BUTLER INTERNATIONAL INC NEW,,BUTL,,Q,A,R,8283,10884,3,7360,12364910,,,,,,,,0.000,,,,,,,,,,,,,1.000,2.000,11.000,2.000,2.150,2.498,2.400,18685.000,-0.104478,2.300,2.400,9418.000,1.000,1.000,2.160,24.000,-0.104478,0.004,0.004,0.006,0.006,0.004
10362,2002/01/25,,11,3,7360,12364910,BUTL,BUTLER INTERNATIONAL INC NEW,,BUTL,,Q,A,R,8283,10884,3,7360,12364910,,,,,,,,0.000,,,,,,,,,,,,,1.000,2.000,10.000,2.000,2.020,2.490,2.200,13234.000,-0.083333,2.200,2.300,9418.000,1.000,1.000,2.490,14.000,-0.083333,0.001,0.001,0.000,0.000,0.001
10362,2002/01/28,,11,3,7360,12364910,BUTL,BUTLER INTERNATIONAL INC NEW,,BUTL,,Q,A,R,8283,10884,3,7360,12364910,,,,,,,,,,,,,,,,,,,,,,,,,2.200,2.200,2.200,946.000,0.000000,2.200,2.300,9418.000,1.000,1.000,2.200,1.000,0.000000,0.000,0.000,0.000,0.000,-0.000
10362,2002/01/29,,11,3,7360,12364910,BUTL,BUTLER INTERNATIONAL INC NEW,,BUTL,,Q,A,R,8283,10884,3,7360,12364910,,,,,,,,,,,,,,,,,,,,,,,,,2.200,2.350,2.350,3451.000,0.068182,2.340,2.440,9418.000,1.000,1.000,2.200,7.000,0.068182,-0.025,-0.025,-0.011,-0.012,-0.029
10362,2002/01/30,,11,3,7360,12364910,BUTL,BUTLER INTERNATIONAL INC NEW,,BUTL,,Q,A,R,8283,10884,3,7360,12364910,,,,,,,,,,,,,,,,,,,,,,,,,2.311,2.400,2.400,361.000,0.021277,2.400,2.440,9418.000,1.000,1.000,2.311,2.000,0.021277,0.010,0.010,0.004,0.004,0.012
10362,2002/01/31,,11,3,7360,12364910,BUTL,BUTLER INTERNATIONAL INC NEW,,BUTL,,Q,A,R,8283,10884,3,7360,12364910,,,,,,,,,,,,,,,,,,,,,,,,,2.400,2.440,-2.420,0.000,0.008333,2.400,2.440,9418.000,1.000,1.000,,0.000,0.008333,0.013,0.013,0.010,0.009,0.015
10362,2002/02/01,,11,3,7360,12364910,BUTL,BUTLER INTERNATIONAL INC NEW,,BUTL,,Q,A,R,8283,10884,3,7360,12364910,,,,,,,,,,,,,,,,,,,,,,,,,2.250,2.400,2.300,6714.000,-0.049587,2.310,2.440,9418.000,1.000,1.000,2.400,10.000,-0.049587,-0.006,-0.006,-0.002,-0.002,-0.007
10362,2002/02/04,,11,3,7360,12364910,BUTL,BUTLER INTERNATIONAL INC NEW,,BUTL,,Q,A,R,8283,10884,3,7360,12364910,,,,,,,,,,,,,,,,,,,,,,,,,2.320,2.690,2.500,30671.000,0.086957,2.410,2.500,9418.000,1.000,1.000,2.351,24.000,0.086957,-0.024,-0.024,-0.016,-0.016,-0.025
10362,2002/02/05,,11,3,7360,12364910,BUTL,BUTLER INTERNATIONAL INC NEW,,BUTL,,Q,A,R,8283,10884,3,7360,12364910,,,,,,,,,,,,,,,,,,,,,,,,,2.360,2.500,2.500,6268.000,0.000000,2.450,2.500,9418.000,1.000,1.000,2.360,5.000,0.000000,-0.005,-0.005,-0.008,-0.008,-0.004
10362,2002/02/06,,11,3,7360,12364910,BUTL,BUTLER INTERNATIONAL INC NEW,,BUTL,,Q,A,R,8283,10884,3,7360,12364910,,,,,,,,,,,,,,,,,,,,,,,,,2.400,2.500,2.500,6375.000,0.000000,2.450,2.500,9418.000,1.000,1.000,2.400,9.000,0.000000,-0.007,-0.007,-0.010,-0.010,-0.006
10362,2002/02/07,,11,3,7360,12364910,BUTL,BUTLER INTERNATIONAL INC NEW,,BUTL,,Q,A,R,8283,10884,3,7360,12364910,,,,,,,,,,,,,,,,,,,,,,,,,2.410,2.450,2.410,7450.000,-0.036000,2.400,2.500,9418.000,1.000,1.000,2.450,7.000,-0.036000,-0.004,-0.004,-0.006,-0.006,-0.003
10362,2002/02/08,,11,3,7360,12364910,BUTL,BUTLER INTERNATIONAL INC NEW,,BUTL,,Q,A,R,8283,10884,3,7360,12364910,,,,,,,,,,,,,,,,,,,,,,,,,2.400,2.400,2.400,1703.000,-0.004149,2.400,2.550,9418.000,1.000,1.000,2.400,2.000,-0.004149,0.016,0.016,0.012,0.012,0.015
10362,2002/02/11,,11,3,7360,12364910,BUTL,BUTLER INTERNATIONAL INC NEW,,BUTL,,Q,A,R,8283,10884,3,7360,12364910,,,,,,,,0.000,,,,,,,,,,,,,1.000,2.000,11.000,2.000,2.300,2.400,2.300,9835.000,-0.041667,2.300,2.400,9418.000,1.000,1.000,2.400,15.000,-0.041667,0.013,0.013,0.008,0.008,0.014
10362,2002/02/12,,11,3,7360,12364910,BUTL,BUTLER INTERNATIONAL INC NEW,,BUTL,,Q,A,R,8283,10884,3,7360,12364910,,,,,,,,0.000,,,,,,,,,,,,,1.000,2.000,10.000,2.000,2.300,2.450,2.350,9877.000,0.021739,2.350,2.450,9418.000,1.000,1.000,2.400,9.000,0.021739,-0.003,-0.003,-0.000,-0.000,-0.004
10362,2002/02/13,,11,3,7360,12364910,BUTL,BUTLER INTERNATIONAL INC NEW,,BUTL,,Q,A,R,8283,10884,3,7360,12364910,,,,,,,,,,,,,,,,,,,,,,,,,2.300,2.361,2.300,11399.000,-0.021064,2.300,2.400,9418.000,1.000,1.000,2.360,12.000,-0.021064,0.010,0.009,0.006,0.006,0.010
10362,2002/02/14,,11,3,7360,12364910,BUTL,BUTLER INTERNATIONAL INC NEW,,BUTL,,Q,A,R,8283,10884,3,7360,12364910,,,,,,,,0.000,,,,,,,,,,,,,1.000,2.000,11.000,2.000,2.250,2.351,2.250,14500.000,-0.021952,2.250,2.400,9418.000,1.000,1.000,2.351,13.000,-0.021952,-0.002,-0.003,-0.005,-0.005,-0.002
10362,2002/02/15,,11,3,7360,12364910,BUTL,BUTLER INTERNATIONAL INC NEW,,BUTL,,Q,A,R,8283,10884,3,7360,12364910,,,,,,,,,,,,,,,,,,,,,,,,,2.250,2.430,2.400,32800.000,0.066667,2.300,2.400,9418.000,1.000,1.000,2.400,32.000,0.066667,-0.010,-0.010,-0.004,-0.004,-0.011
10362,2002/02/19,,11,3,7360,12364910,BUTL,BUTLER INTERNATIONAL INC NEW,,BUTL,,Q,A,R,8283,10884,3,7360,12364910,,,,,,,,,,,,,,,,,,,,,,,,,2.390,2.730,2.500,37685.000,0.041667,2.490,2.500,9418.000,1.000,1.000,2.390,32.000,0.041667,-0.019,-0.019,-0.015,-0.015,-0.019
10362,2002/02/20,,11,3,7360,12364910,BUTL,BUTLER INTERNATIONAL INC NEW,,BUTL,,Q,A,R,8283,10884,3,7360,12364910,,,,,,,,,,,,,,,,,,,,,,,,,2.310,2.350,2.320,3018.000,-0.072000,2.320,2.450,9418.000,1.000,1.000,2.310,5.000,-0.072000,0.013,0.013,0.005,0.005,0.014
10362,2002/02/21,,11,3,7360,12364910,BUTL,BUTLER INTERNATIONAL INC NEW,,BUTL,,Q,A,R,8283,10884,3,7360,12364910,,,,,,,,,,,,,,,,,,,,,,,,,2.320,2.320,2.320,2042.000,0.000000,2.320,2.450,9418.000,1.000,1.000,2.320,3.000,0.000000,-0.015,-0.015,-0.009,-0.009,-0.016
10362,2002/02/22,,11,3,7360,12364910,BUTL,BUTLER INTERNATIONAL INC NEW,,BUTL,,Q,A,R,8283,10884,3,7360,12364910,,,,,,,,,,,,,,,,,,,,,,,,,2.320,2.320,2.320,1505.000,0.000000,2.320,2.400,9418.000,1.000,1.000,2.320,2.000,0.000000,0.007,0.007,0.004,0.004,0.008
10362,2002/02/25,,11,3,7360,12364910,BUTL,BUTLER INTERNATIONAL INC NEW,,BUTL,,Q,A,R,8283,10884,3,7360,12364910,,,,,,,,,,,,,,,,,,,,,,,,,2.320,2.400,2.320,7548.000,0.000000,2.320,2.500,9418.000,1.000,1.000,2.321,10.000,0.000000,0.016,0.016,0.005,0.005,0.018
10362,2002/02/26,,11,3,7360,12364910,BUTL,BUTLER INTERNATIONAL INC NEW,,BUTL,,Q,A,R,8283,10884,3,7360,12364910,,,,,,,,,,,,,,,,,,,,,,,,,2.200,2.400,2.250,28481.000,-0.030172,2.250,2.400,9418.000,1.000,1.000,2.400,19.000,-0.030172,0.001,0.001,0.003,0.003,-0.000
10362,2002/02/27,,11,3,7360,12364910,BUTL,BUTLER INTERNATIONAL INC NEW,,BUTL,,Q,A,R,8283,10884,3,7360,12364910,,,,,,,,,,,,,,,,,,,,,,,,,2.160,2.202,2.200,11483.000,-0.022222,2.170,2.300,9418.000,1.000,1.000,2.200,15.000,-0.022222,0.001,0.001,0.003,0.003,0.000
10362,2002/02/28,,11,3,7360,12364910,BUTL,BUTLER INTERNATIONAL INC NEW,,BUTL,,Q,A,R,8283,10884,3,7360,12364910,,,,,,,,0.000,,,,,,,,,,,,,1.000,2.000,10.000,2.000,2.150,2.151,2.150,10244.000,-0.022727,2.130,2.280,9418.000,1.000,1.000,2.150,10.000,-0.022727,-0.003,-0.003,-0.001,-0.001,-0.003
10362,2002/03/01,,11,3,7360,12364910,BUTL,BUTLER INTERNATIONAL INC NEW,,BUTL,,Q,A,R,8283,10884,3,7360,12364910,,,,,,,,0.000,,,,,,,,,,,,,1.000,2.000,11.000,2.000,2.120,2.280,2.120,22805.000,-0.013954,2.150,2.250,9418.000,1.000,1.000,2.280,19.000,-0.013954,0.022,0.022,0.012,0.012,0.023
10362,2002/03/04,,11,3,7360,12364910,BUTL,BUTLER INTERNATIONAL INC NEW,,BUTL,,Q,A,R,8283,10884,3,7360,12364910,,,,,,,,,,,,,,,,,,,,,,,,,2.125,2.500,2.500,45965.000,0.179245,2.310,2.500,9418.000,1.000,1.000,2.125,33.000,0.179245,0.020,0.020,0.015,0.015,0.019
10362,2002/03/05,,11,3,7360,12364910,BUTL,BUTLER INTERNATIONAL INC NEW,,BUTL,,Q,A,R,8283,10884,3,7360,12364910,,,,,,,,0.000,,,,,,,,,,,,,1.000,2.000,12.000,2.000,1.910,2.490,2.200,27847.000,-0.120000,2.200,2.300,9418.000,1.000,1.000,2.210,27.000,-0.120000,-0.005,-0.005,0.003,0.003,-0.007
10362,2002/03/06,,11,3,7360,12364910,BUTL,BUTLER INTERNATIONAL INC NEW,,BUTL,,Q,A,R,8283,10884,3,7360,12364910,,,,,,,,,,,,,,,,,,,,,,,,,2.200,2.500,2.389,49061.000,0.085909,2.330,2.380,9418.000,1.000,1.000,2.201,32.000,0.085909,0.014,0.014,0.013,0.012,0.015
10362,2002/03/07,,11,3,7360,12364910,BUTL,BUTLER INTERNATIONAL INC NEW,,BUTL,,Q,A,R,8283,10884,3,7360,12364910,,,,,,,,0.000,,,,,,,,,,,,,1.000,2.000,10.000,2.000,2.250,2.311,2.300,18681.000,-0.037254,2.280,2.350,9418.000,1.000,1.000,2.310,16.000,-0.037254,-0.004,-0.004,0.004,0.004,-0.004
10362,2002/03/08,,11,3,7360,12364910,BUTL,BUTLER INTERNATIONAL INC NEW,,BUTL,,Q,A,R,8283,10884,3,7360,12364910,,,,,,,,0.000,,,,,,,,,,,,,1.000,2.000,13.000,2.000,2.260,2.305,2.280,47140.000,-0.008696,2.270,2.380,9418.000,1.000,1.000,2.305,28.000,-0.008696,0.007,0.007,0.009,0.009,0.006
10362,2002/03/11,,11,3,7360,12364910,BUTL,BUTLER INTERNATIONAL INC NEW,,BUTL,,Q,A,R,8283,10884,3,7360,12364910,,,,,,,,0.000,,,,,,,,,,,,,1.000,2.000,12.000,2.000,2.250,2.301,2.299,17164.000,0.008333,2.270,2.380,9418.000,1.000,1.000,2.270,16.000,0.008333,0.003,0.003,0.005,0.005,0.003
10362,2002/03/12,,11,3,7360,12364910,BUTL,BUTLER INTERNATIONAL INC NEW,,BUTL,,Q,A,R,8283,10884,3,7360,12364910,,,,,,,,,,,,,,,,,,,,,,,,,2.300,2.301,2.300,6424.000,0.000435,2.300,2.380,9418.000,1.000,1.000,2.300,5.000,0.000435,-0.003,-0.003,-0.003,-0.003,-0.002
10362,2002/03/13,,11,3,7360,12364910,BUTL,BUTLER INTERNATIONAL INC NEW,,BUTL,,Q,A,R,8283,10884,3,7360,12364910,,,,,,,,0.000,,,,,,,,,,,,,1.000,2.000,11.000,2.000,2.210,2.400,2.400,11814.000,0.043478,2.300,2.400,9418.000,1.000,1.000,2.210,14.000,0.043478,-0.009,-0.009,-0.003,-0.004,-0.010
10362,2002/03/14,,11,3,7360,12364910,BUTL,BUTLER INTERNATIONAL INC NEW,,BUTL,,Q,A,R,8283,10884,3,7360,12364910,,,,,,,,0.000,,,,,,,,,,,,,1.000,2.000,12.000,2.000,2.399,2.400,2.400,1100.000,0.000000,2.300,2.450,9418.000,1.000,1.000,2.400,5.000,0.000000,-0.000,-0.000,0.004,0.004,-0.001
10362,2002/03/15,,11,3,7360,12364910,BUTL,BUTLER INTERNATIONAL INC NEW,,BUTL,,Q,A,R,8283,10884,3,7360,12364910,,,,,,,,0.000,,,,,,,,,,,,,1.000,2.000,13.000,2.000,2.130,2.449,2.250,31788.000,-0.062500,2.130,2.320,9418.000,1.000,1.000,2.449,17.000,-0.062500,0.010,0.010,0.005,0.005,0.011
10362,2002/03/18,,11,3,7360,12364910,BUTL,BUTLER INTERNATIONAL INC NEW,,BUTL,,Q,A,R,8283,10884,3,7360,12364910,,,,,,,,,,,,,,,,,,,,,,,,,2.131,2.700,2.320,47370.000,0.031111,2.320,2.500,9418.000,1.000,1.000,2.131,39.000,0.031111,0.001,0.001,0.005,0.005,-0.001
10362,2002/03/19,,11,3,7360,12364910,BUTL,BUTLER INTERNATIONAL INC NEW,,BUTL,,Q,A,R,8283,10884,3,7360,12364910,,,,,,,,,,,,,,,,,,,,,,,,,2.150,2.301,2.200,10132.000,-0.051724,2.200,2.450,9418.000,1.000,1.000,2.150,11.000,-0.051724,0.003,0.003,0.003,0.003,0.004
10362,2002/03/20,,11,3,7360,12364910,BUTL,BUTLER INTERNATIONAL INC NEW,,BUTL,,Q,A,R,8283,10884,3,7360,12364910,,,,,,,,0.000,,,,,,,,,,,,,1.000,2.000,14.000,2.000,2.400,2.400,2.400,10000.000,0.090909,2.300,2.400,10710.000,1.000,1.000,2.400,8.000,0.090909,-0.014,-0.014,-0.006,-0.006,-0.016
10362,2002/03/21,,11,3,7360,12364910,BUTL,BUTLER INTERNATIONAL INC NEW,,BUTL,,Q,A,R,8283,10884,3,7360,12364910,,,,,,,,0.000,,,,,,,,,,,,,1.000,2.000,13.000,2.000,2.200,2.200,2.200,2000.000,-0.083333,2.200,2.400,10710.000,1.000,1.000,2.200,1.000,-0.083333,0.003,0.003,0.006,0.006,0.002
10362,2002/03/22,,11,3,7360,12364910,BUTL,BUTLER INTERNATIONAL INC NEW,,BUTL,,Q,A,R,8283,10884,3,7360,12364910,,,,,,,,0.000,,,,,,,,,,,,,1.000,2.000,14.000,2.000,2.350,2.350,2.350,214.000,0.068182,2.250,2.350,10710.000,1.000,1.000,2.350,1.000,0.068182,-0.004,-0.004,-0.000,-0.000,-0.004
10362,2002/03/25,,11,3,7360,12364910,BUTL,BUTLER INTERNATIONAL INC NEW,,BUTL,,Q,A,R,8283,10884,3,7360,12364910,,,,,,,,0.000,,,,,,,,,,,,,1.000,2.000,13.000,2.000,2.250,2.281,2.280,27689.000,-0.029787,2.280,2.300,10710.000,1.000,1.000,2.281,24.000,-0.029787,-0.014,-0.014,-0.007,-0.007,-0.015
10362,2002/03/26,,11,3,7360,12364910,BUTL,BUTLER INTERNATIONAL INC NEW,,BUTL,,Q,A,R,8283,10884,3,7360,12364910,,,,,,,,0.000,,,,,,,,,,,,,1.000,2.000,12.000,2.000,2.200,2.300,2.270,9227.000,-0.004386,2.270,2.350,10710.000,1.000,1.000,2.200,12.000,-0.004386,0.006,0.006,0.005,0.004,0.006
10362,2002/03/27,,11,3,7360,12364910,BUTL,BUTLER INTERNATIONAL INC NEW,,BUTL,,Q,A,R,8283,10884,3,7360,12364910,,,,,,,,0.000,,,,,,,,,,,,,1.000,2.000,13.000,2.000,2.250,2.350,2.350,11724.000,0.035242,2.200,2.350,10710.000,1.000,1.000,2.250,7.000,0.035242,0.006,0.005,0.006,0.006,0.005
10362,2002/03/28,,11,3,7360,12364910,BUTL,BUTLER INTERNATIONAL INC NEW,,BUTL,,Q,A,R,8283,10884,3,7360,12364910,,,,,,,,0.000,,,,,,,,,,,,,1.000,2.000,13.000,2.000,2.201,2.350,2.250,9153.000,-0.042553,2.250,2.380,10045.000,1.000,1.000,2.201,6.000,-0.042553,0.003,0.003,0.006,0.006,0.002
10362,2002/04/01,,11,3,7360,12364910,BUTL,BUTLER INTERNATIONAL INC NEW,,BUTL,,Q,A,R,8283,10884,3,7360,12364910,,,,,,,,,,,,,,,,,,,,,,,,,2.250,2.450,2.350,20412.000,0.044444,2.300,2.350,10045.000,1.000,1.000,2.250,27.000,0.044444,-0.001,-0.001,-0.001,-0.001,-0.001
10362,2002/04/02,,11,3,7360,12364910,BUTL,BUTLER INTERNATIONAL INC NEW,,BUTL,,Q,A,R,8283,10884,3,7360,12364910,,,,,,,,0.000,,,,,,,,,,,,,1.000,2.000,12.000,2.000,2.350,2.409,2.351,2281.000,0.000426,2.350,2.410,10045.000,1.000,1.000,2.350,4.000,0.000426,-0.009,-0.009,-0.005,-0.005,-0.009
10362,2002/04/03,,11,3,7360,12364910,BUTL,BUTLER INTERNATIONAL INC NEW,,BUTL,,Q,A,R,8283,10884,3,7360,12364910,,,,,,,,,,,,,,,,,,,,,,,,,2.300,2.321,2.320,6100.000,-0.013186,2.280,2.360,10045.000,1.000,1.000,2.321,4.000,-0.013186,-0.009,-0.010,-0.006,-0.006,-0.010
10362,2002/04/04,,11,3,7360,12364910,BUTL,BUTLER INTERNATIONAL INC NEW,,BUTL,,Q,A,R,8283,10884,3,7360,12364910,,,,,,,,0.000,,,,,,,,,,,,,1.000,2.000,14.000,2.000,2.130,2.290,2.159,25811.000,-0.069397,2.150,2.240,10045.000,1.000,1.000,2.290,33.000,-0.069397,0.001,0.001,0.001,0.001,0.001
10362,2002/04/05,,11,3,7360,12364910,BUTL,BUTLER INTERNATIONAL INC NEW,,BUTL,,Q,A,R,8283,10884,3,7360,12364910,,,,,,,,0.000,,,,,,,,,,,,,1.000,2.000,15.000,2.000,2.140,2.450,2.449,40021.000,0.134321,2.270,2.450,10045.000,1.000,1.000,2.200,31.000,0.134321,-0.003,-0.003,-0.000,-0.000,-0.003
10362,2002/04/08,,11,3,7360,12364910,BUTL,BUTLER INTERNATIONAL INC NEW,,BUTL,,Q,A,R,8283,10884,3,7360,12364910,,,,,,,,0.000,,,,,,,,,,,,,1.000,2.000,14.000,2.000,2.130,2.480,2.200,4405.000,-0.101674,2.150,2.480,10045.000,1.000,1.000,2.130,4.000,-0.101674,0.003,0.003,0.003,0.002,0.002
10362,2002/04/09,,11,3,7360,12364910,BUTL,BUTLER INTERNATIONAL INC NEW,,BUTL,,Q,A,R,8283,10884,3,7360,12364910,,,,,,,,,,,,,,,,,,,,,,,,,2.300,2.440,2.320,6096.000,0.054545,2.320,2.400,10045.000,1.000,1.000,2.300,5.000,0.054545,-0.006,-0.006,-0.002,-0.002,-0.007
10362,2002/04/10,,11,3,7360,12364910,BUTL,BUTLER INTERNATIONAL INC NEW,,BUTL,,Q,A,R,8283,10884,3,7360,12364910,,,,,,,,0.000,,,,,,,,,,,,,1.000,2.000,13.000,2.000,2.401,2.450,2.401,5150.000,0.034698,2.400,2.450,10045.000,1.000,1.000,2.450,3.000,0.034698,0.011,0.011,0.009,0.008,0.011
10362,2002/04/11,,11,3,7360,12364910,BUTL,BUTLER INTERNATIONAL INC NEW,,BUTL,,Q,A,R,8283,10884,3,7360,12364910,,,,,,,,0.000,,,,,,,,,,,,,1.000,2.000,14.000,2.000,2.380,2.440,2.400,8300.000,-0.000208,2.150,2.400,10045.000,1.000,1.000,2.380,9.000,-0.000208,-0.021,-0.021,-0.010,-0.010,-0.024
10362,2002/04/12,,11,3,7360,12364910,BUTL,BUTLER INTERNATIONAL INC NEW,,BUTL,,Q,A,R,8283,10884,3,7360,12364910,,,,,,,,,,,,,,,,,,,,,,,,,2.400,2.530,2.530,31300.000,0.054167,2.400,2.530,10045.000,1.000,1.000,2.400,37.000,0.054167,0.008,0.008,0.011,0.011,0.007
10362,2002/04/15,,11,3,7360,12364910,BUTL,BUTLER INTERNATIONAL INC NEW,,BUTL,,Q,A,R,8283,10884,3,7360,12364910,,,,,,,,,,,,,,,,,,,,,,,,,2.455,2.860,2.610,15931.000,0.031621,2.610,2.760,10045.000,1.000,1.000,2.455,17.000,0.031621,-0.006,-0.006,-0.001,-0.001,-0.008
10362,2002/04/16,,11,3,7360,12364910,BUTL,BUTLER INTERNATIONAL INC NEW,,BUTL,,Q,A,R,8283,10884,3,7360,12364910,,,,,,,,0.000,,,,,,,,,,,,,1.000,2.000,13.000,2.000,2.310,2.400,2.350,2188.000,-0.099617,2.400,2.500,10045.000,1.000,1.000,2.310,4.000,-0.099617,0.022,0.022,0.016,0.016,0.023
10362,2002/04/17,,11,3,7360,12364910,BUTL,BUTLER INTERNATIONAL INC NEW,,BUTL,,Q,A,R,8283,10884,3,7360,12364910,,,,,,,,0.000,,,,,,,,,,,,,1.000,2.000,14.000,2.000,2.450,2.500,2.451,12258.000,0.042979,2.450,2.500,10045.000,1.000,1.000,2.500,15.000,0.042979,-0.002,-0.002,0.001,0.001,-0.002
10362,2002/04/18,,11,3,7360,12364910,BUTL,BUTLER INTERNATIONAL INC NEW,,BUTL,,Q,A,R,8283,10884,3,7360,12364910,,,,,,,,0.000,,,,,,,,,,,,,1.000,2.000,13.000,2.000,2.450,2.860,2.580,8655.000,0.052632,2.530,2.670,10045.000,1.000,1.000,2.850,12.000,0.052632,-0.002,-0.002,0.003,0.003,-0.001
10362,2002/04/19,,11,3,7360,12364910,BUTL,BUTLER INTERNATIONAL INC NEW,,BUTL,,Q,A,R,8283,10884,3,7360,12364910,,,,,,,,0.000,,,,,,,,,,,,,1.000,2.000,14.000,2.000,2.480,2.500,2.480,20500.000,-0.038760,2.450,2.520,10045.000,1.000,1.000,2.500,10.000,-0.038760,0.001,0.001,0.002,0.002,0.001
10362,2002/04/22,,11,3,7360,12364910,BUTL,BUTLER INTERNATIONAL INC NEW,,BUTL,,Q,A,R,8283,10884,3,7360,12364910,,,,,,,,0.000,,,,,,,,,,,,,1.000,2.000,13.000,2.000,2.400,2.550,2.540,21231.000,0.024194,2.450,2.550,10045.000,1.000,1.000,2.500,15.000,0.024194,-0.015,-0.015,-0.008,-0.008,-0.015
10362,2002/04/23,,11,3,7360,12364910,BUTL,BUTLER INTERNATIONAL INC NEW,,BUTL,,Q,A,R,8283,10884,3,7360,12364910,,,,,,,,0.000,,,,,,,,,,,,,1.000,2.000,14.000,2.000,2.120,2.550,2.400,39695.000,-0.055118,2.300,2.500,10045.000,1.000,1.000,2.550,22.000,-0.055118,-0.005,-0.005,-0.001,-0.001,-0.006
10362,2002/04/24,,11,3,7360,12364910,BUTL,BUTLER INTERNATIONAL INC NEW,,BUTL,,Q,A,R,8283,10884,3,7360,12364910,,,,,,,,,,,,,,,,,,,,,,,,,2.450,2.540,2.480,35328.000,0.033333,2.480,2.500,10045.000,1.000,1.000,2.450,23.000,0.033333,-0.006,-0.006,-0.002,-0.002,-0.007
10362,2002/04/25,,11,3,7360,12364910,BUTL,BUTLER INTERNATIONAL INC NEW,,BUTL,,Q,A,R,8283,10884,3,7360,12364910,,,,,,,,0.000,,,,,,,,,,,,,1.000,2.000,13.000,2.000,2.200,2.450,2.360,21446.000,-0.048387,2.300,2.360,10045.000,1.000,1.000,2.450,15.000,-0.048387,-0.002,-0.002,-0.002,-0.002,-0.002
10362,2002/04/26,,11,3,7360,12364910,BUTL,BUTLER INTERNATIONAL INC NEW,,BUTL,,Q,A,R,8283,10884,3,7360,12364910,,,,,,,,0.000,,,,,,,,,,,,,1.000,2.000,17.000,2.000,2.330,2.470,2.450,47600.000,0.038136,2.420,2.450,10045.000,1.000,1.000,2.369,32.000,0.038136,-0.013,-0.014,-0.009,-0.009,-0.014
10362,2002/04/29,,11,3,7360,12364910,BUTL,BUTLER INTERNATIONAL INC NEW,,BUTL,,Q,A,R,8283,10884,3,7360,12364910,,,,,,,,0.000,,,,,,,,,,,,,1.000,2.000,15.000,2.000,2.300,2.600,2.300,83611.000,-0.061225,2.300,2.460,10045.000,1.000,1.000,2.450,45.000,-0.061225,-0.009,-0.009,-0.006,-0.006,-0.010
10362,2002/04/30,,11,3,7360,12364910,BUTL,BUTLER INTERNATIONAL INC NEW,,BUTL,,Q,A,R,8283,10884,3,7360,12364910,,,,,,,,,,,,,,,,,,,,,,,,,2.200,2.310,2.310,3624.000,0.004348,2.300,2.400,10045.000,1.000,1.000,2.200,3.000,0.004348,0.012,0.012,0.010,0.010,0.011
10362,2002/05/01,,11,3,7360,12364910,BUTL,BUTLER INTERNATIONAL INC NEW,,BUTL,,Q,A,R,8283,10884,3,7360,12364910,,,,,,,,0.000,,,,,,,,,,,,,1.000,2.000,13.000,2.000,2.200,2.350,2.350,38144.000,0.017316,2.350,2.400,10045.000,1.000,1.000,2.200,23.000,0.017316,0.008,0.007,0.001,0.001,0.009
10362,2002/05/02,,11,3,7360,12364910,BUTL,BUTLER INTERNATIONAL INC NEW,,BUTL,,Q,A,R,8283,10884,3,7360,12364910,,,,,,,,,,,,,,,,,,,,,,,,,2.350,2.400,2.380,27099.000,0.012766,2.380,2.390,10045.000,1.000,1.000,2.350,9.000,0.012766,-0.002,-0.002,0.000,0.000,-0.002
10362,2002/05/03,,11,3,7360,12364910,BUTL,BUTLER INTERNATIONAL INC NEW,,BUTL,,Q,A,R,8283,10884,3,7360,12364910,,,,,,,,0.000,,,,,,,,,,,,,1.000,2.000,15.000,2.000,2.341,2.350,2.350,12600.000,-0.012605,2.320,2.380,10045.000,1.000,1.000,2.341,5.000,-0.012605,-0.009,-0.009,-0.002,-0.002,-0.010
10362,2002/05/06,,11,3,7360,12364910,BUTL,BUTLER INTERNATIONAL INC NEW,,BUTL,,Q,A,R,8283,10884,3,7360,12364910,,,,,,,,0.000,,,,,,,,,,,,,1.000,2.000,13.000,2.000,2.270,2.550,2.450,8576.000,0.042553,2.320,2.450,10045.000,1.000,1.000,2.380,10.000,0.042553,-0.018,-0.018,-0.011,-0.011,-0.019
10362,2002/05/07,,11,3,7360,12364910,BUTL,BUTLER INTERNATIONAL INC NEW,,BUTL,,Q,A,R,8283,10884,3,7360,12364910,,,,,,,,0.000,,,,,,,,,,,,,1.000,2.000,16.000,2.000,2.270,2.380,2.360,25145.000,-0.036735,2.230,2.400,10045.000,1.000,1.000,2.270,21.000,-0.036735,-0.004,-0.004,-0.006,-0.006,-0.003
10362,2002/05/08,,11,3,7360,12364910,BUTL,BUTLER INTERNATIONAL INC NEW,,BUTL,,Q,A,R,8283,10884,3,7360,12364910,,,,,,,,0.000,,,,,,,,,,,,,1.000,2.000,14.000,2.000,2.230,2.400,2.400,9700.000,0.016949,2.270,2.350,10045.000,1.000,1.000,2.350,9.000,0.016949,0.034,0.034,0.019,0.019,0.038
10362,2002/05/09,,11,3,7360,12364910,BUTL,BUTLER INTERNATIONAL INC NEW,,BUTL,,Q,A,R,8283,10884,3,7360,12364910,,,,,,,,0.000,,,,,,,,,,,,,1.000,2.000,13.000,2.000,2.300,2.349,2.300,13500.000,-0.041667,2.300,2.350,10045.000,1.000,1.000,2.349,6.000,-0.041667,-0.014,-0.014,-0.008,-0.008,-0.015
10362,2002/05/10,,11,3,7360,12364910,BUTL,BUTLER INTERNATIONAL INC NEW,,BUTL,,Q,A,R,8283,10884,3,7360,12364910,,,,,,,,,,,,,,,,,,,,,,,,,2.300,2.340,2.330,22888.000,0.013043,2.330,2.340,10045.000,1.000,1.000,2.340,9.000,0.013043,-0.015,-0.015,-0.008,-0.008,-0.017
10362,2002/05/13,,11,3,7360,12364910,BUTL,BUTLER INTERNATIONAL INC NEW,,BUTL,,Q,A,R,8283,10884,3,7360,12364910,,,,,,,,0.000,,,,,,,,,,,,,1.000,2.000,16.000,2.000,2.300,2.550,2.380,40722.000,0.021459,2.300,2.460,10045.000,1.000,1.000,2.330,30.000,0.021459,0.017,0.017,0.007,0.007,0.019
10362,2002/05/14,,11,3,7360,12364910,BUTL,BUTLER INTERNATIONAL INC NEW,,BUTL,,Q,A,R,8283,10884,3,7360,12364910,,,,,,,,0.000,,,,,,,,,,,,,1.000,2.000,15.000,2.000,2.280,2.300,2.281,7946.000,-0.041723,2.280,2.350,10045.000,1.000,1.000,2.280,5.000,-0.041723,0.021,0.021,0.015,0.015,0.021
10362,2002/05/15,,11,3,7360,12364910,BUTL,BUTLER INTERNATIONAL INC NEW,,BUTL,,Q,A,R,8283,10884,3,7360,12364910,,,,,,,,0.000,,,,,,,,,,,,,1.000,2.000,14.000,2.000,2.280,2.350,2.290,2143.000,0.004078,2.290,2.350,10045.000,1.000,1.000,2.280,4.000,0.004078,-0.003,-0.004,0.001,0.001,-0.006
10362,2002/05/16,,11,3,7360,12364910,BUTL,BUTLER INTERNATIONAL INC NEW,,BUTL,,Q,A,R,8283,10884,3,7360,12364910,,,,,,,,,,,,,,,,,,,,,,,,,2.250,2.331,2.250,13379.000,-0.017467,2.330,2.350,10045.000,1.000,1.000,2.300,13.000,-0.017467,0.004,0.003,-0.001,-0.001,0.007
10362,2002/05/17,,11,3,7360,12364910,BUTL,BUTLER INTERNATIONAL INC NEW,,BUTL,,Q,A,R,8283,10884,3,7360,12364910,,,,,,,,0.000,,,,,,,,,,,,,1.000,2.000,13.000,2.000,2.300,2.359,2.300,25933.000,0.022222,2.270,2.330,10045.000,1.000,1.000,2.359,7.000,0.022222,0.007,0.007,0.004,0.004,0.008
10362,2002/05/20,,11,3,7360,12364910,BUTL,BUTLER INTERNATIONAL INC NEW,,BUTL,,Q,A,R,8283,10884,3,7360,12364910,,,,,,,,0.000,,,,,,,,,,,,,1.000,2.000,14.000,2.000,2.250,2.360,2.250,5000.000,-0.021739,2.250,2.360,10045.000,1.000,1.000,2.360,4.000,-0.021739,-0.012,-0.012,-0.006,-0.006,-0.013
10362,2002/05/21,,11,3,7360,12364910,BUTL,BUTLER INTERNATIONAL INC NEW,,BUTL,,Q,A,R,8283,10884,3,7360,12364910,,,,,,,,,,,,,,,,,,,,,,,,,2.150,2.290,2.220,7560.000,-0.013333,2.200,2.340,10045.000,1.000,1.000,2.190,8.000,-0.013333,-0.011,-0.011,-0.009,-0.009,-0.011
10362,2002/05/22,,11,3,7360,12364910,BUTL,BUTLER INTERNATIONAL INC NEW,,BUTL,,Q,A,R,8283,10884,3,7360,12364910,,,,,,,,0.000,,,,,,,,,,,,,1.000,2.000,15.000,2.000,2.250,2.360,2.250,23053.000,0.013514,2.250,2.310,10045.000,1.000,1.000,2.360,14.000,0.013514,0.004,0.004,-0.002,-0.002,0.006
10362,2002/05/23,,11,3,7360,12364910,BUTL,BUTLER INTERNATIONAL INC NEW,,BUTL,,Q,A,R,8283,10884,3,7360,12364910,,,,,,,,,,,,,,,,,,,,,,,,,2.250,2.310,2.250,10700.000,0.000000,2.280,2.300,10045.000,1.000,1.000,2.310,6.000,0.000000,0.010,0.010,0.007,0.007,0.010
10362,2002/05/24,,11,3,7360,12364910,BUTL,BUTLER INTERNATIONAL INC NEW,,BUTL,,Q,A,R,8283,10884,3,7360,12364910,,,,,,,,,,,,,,,,,,,,,,,,,2.210,2.300,2.250,12892.000,0.000000,2.250,2.290,10045.000,1.000,1.000,2.210,7.000,0.000000,-0.011,-0.011,-0.005,-0.005,-0.012
10362,2002/05/28,,11,3,7360,12364910,BUTL,BUTLER INTERNATIONAL INC NEW,,BUTL,,Q,A,R,8283,10884,3,7360,12364910,,,,,,,,,,,,,,,,,,,,,,,,,2.300,2.600,2.350,39033.000,0.044444,2.350,2.450,10045.000,1.000,1.000,2.300,29.000,0.044444,-0.007,-0.007,-0.002,-0.002,-0.009
10362,2002/05/29,,11,3,7360,12364910,BUTL,BUTLER INTERNATIONAL INC NEW,,BUTL,,Q,A,R,8283,10884,3,7360,12364910,,,,,,,,0.000,,,,,,,,,,,,,1.000,2.000,16.000,2.000,2.200,2.380,2.290,28937.000,-0.025532,2.250,2.330,10045.000,1.000,1.000,2.350,25.000,-0.025532,-0.007,-0.007,-0.006,-0.006,-0.006
10362,2002/05/30,,11,3,7360,12364910,BUTL,BUTLER INTERNATIONAL INC NEW,,BUTL,,Q,A,R,8283,10884,3,7360,12364910,,,,,,,,0.000,,,,,,,,,,,,,1.000,2.000,15.000,2.000,2.281,2.379,2.379,9577.000,0.038865,2.300,2.380,10045.000,1.000,1.000,2.320,10.000,0.038865,-0.002,-0.002,-0.001,-0.001,-0.003
10362,2002/05/31,,11,3,7360,12364910,BUTL,BUTLER INTERNATIONAL INC NEW,,BUTL,,Q,A,R,8283,10884,3,7360,12364910,,,,,,,,0.000,,,,,,,,,,,,,1.000,2.000,13.000,2.000,2.281,2.430,2.429,4767.000,0.021017,2.330,2.430,10045.000,1.000,1.000,2.281,9.000,0.021017,0.002,0.002,0.003,0.003,0.002
10362,2002/06/03,,11,3,7360,12364910,BUTL,BUTLER INTERNATIONAL INC NEW,,BUTL,,Q,A,R,8283,10884,3,7360,12364910,,,,,,,,0.000,,,,,,,,,,,,,1.000,2.000,15.000,2.000,2.250,2.398,2.250,8140.000,-0.073693,2.250,2.300,10045.000,1.000,1.000,2.330,9.000,-0.073693,-0.024,-0.024,-0.018,-0.018,-0.025
10362,2002/06/04,,11,3,7360,12364910,BUTL,BUTLER INTERNATIONAL INC NEW,,BUTL,,Q,A,R,8283,10884,3,7360,12364910,,,,,,,,0.000,,,,,,,,,,,,,1.000,2.000,16.000,2.000,2.250,2.300,2.280,4400.000,0.013333,2.250,2.300,10045.000,1.000,1.000,2.250,5.000,0.013333,-0.001,-0.001,-0.004,-0.004,0.000
10362,2002/06/05,,11,3,7360,12364910,BUTL,BUTLER INTERNATIONAL INC NEW,,BUTL,,Q,A,R,8283,10884,3,7360,12364910,,,,,,,,0.000,,,,,,,,,,,,,1.000,2.000,15.000,2.000,2.250,2.300,2.250,7395.000,-0.013158,2.250,2.400,10045.000,1.000,1.000,2.250,4.000,-0.013158,0.008,0.007,0.000,0.000,0.009
10362,2002/06/06,,11,3,7360,12364910,BUTL,BUTLER INTERNATIONAL INC NEW,,BUTL,,Q,A,R,8283,10884,3,7360,12364910,,,,,,,,,,,,,,,,,,,,,,,,,2.250,2.251,2.250,6071.000,0.000000,2.150,2.400,10045.000,1.000,1.000,2.251,4.000,0.000000,-0.018,-0.018,-0.015,-0.015,-0.020
10362,2002/06/07,,11,3,7360,12364910,BUTL,BUTLER INTERNATIONAL INC NEW,,BUTL,,Q,A,R,8283,10884,3,7360,12364910,,,,,,,,0.000,,,,,,,,,,,,,1.000,2.000,14.000,2.000,2.130,2.260,2.150,6651.000,-0.044356,2.150,2.170,10045.000,1.000,1.000,2.130,9.000,-0.044356,-0.000,-0.000,0.002,0.002,-0.002
10362,2002/06/10,,11,3,7360,12364910,BUTL,BUTLER INTERNATIONAL INC NEW,,BUTL,,Q,A,R,8283,10884,3,7360,12364910,,,,,,,,0.000,,,,,,,,,,,,,1.000,2.000,15.000,2.000,2.160,2.650,2.370,19969.000,0.102223,2.270,2.550,10045.000,1.000,1.000,2.160,23.000,0.102223,0.002,0.002,-0.003,-0.003,0.003
10362,2002/06/11,,11,3,7360,12364910,BUTL,BUTLER INTERNATIONAL INC NEW,,BUTL,,Q,A,R,8283,10884,3,7360,12364910,,,,,,,,0.000,,,,,,,,,,,,,1.000,2.000,16.000,2.000,2.272,2.510,2.500,7747.000,0.054852,2.380,2.500,10045.000,1.000,1.000,2.272,10.000,0.054852,-0.016,-0.016,-0.009,-0.009,-0.017
10362,2002/06/12,,11,3,7360,12364910,BUTL,BUTLER INTERNATIONAL INC NEW,,BUTL,,Q,A,R,8283,10884,3,7360,12364910,,,,,,,,,,,,,,,,,,,,,,,,,2.100,2.381,2.100,4450.000,-0.160000,2.350,2.500,10045.000,1.000,1.000,2.381,8.000,-0.160000,0.005,0.004,-0.004,-0.005,0.007
