PERMNO,date,NAMEENDT,SHRCD,EXCHCD,SICCD,NCUSIP,TICKER,COMNAM,SHRCLS,TSYMBOL,NAICS,PRIMEXCH,TRDSTAT,SECSTAT,PERMCO,ISSUNO,HEXCD,HSICCD,CUSIP,DCLRDT,DLAMT,DLPDT,DLSTCD,NEXTDT,PAYDT,RCRDDT,SHRFLG,HSICMG,HSICIG,DISTCD,DIVAMT,FACPR,FACSHR,ACPERM,ACCOMP,NWPERM,DLRETX,DLPRC,DLRET,TRTSCD,NMSIND,MMCNT,NSDINX,BIDLO,ASKHI,PRC,VOL,RET,BID,ASK,SHROUT,CFACPR,CFACSHR,OPENPRC,NUMTRD,RETX,vwretd,vwretx,ewretd,ewretx,sprtrn
59192,2001/01/02,,11,1,6331,17123210,CB,CHUBB CORP,,,,N,A,R,900,1153,1,6331,17123210,,,,,,,,,,,,,,,,,,,,,,,,,83.062,86.625,83.438,621200.000,-0.035405,,,174815.000,2.000,2.000,86.500,,-0.035405,-0.034,-0.034,-0.001,-0.001,-0.028
59192,2001/01/03,,11,1,6331,17123210,CB,CHUBB CORP,,,,N,A,R,900,1153,1,6331,17123210,,,,,,,,,,,,,,,,,,,,,,,,,81.562,84.688,82.312,851600.000,-0.013483,,,174815.000,2.000,2.000,83.500,,-0.013483,0.053,0.053,0.046,0.046,0.050
59192,2001/01/04,,11,1,6331,17123210,CB,CHUBB CORP,,,,N,A,R,900,1153,1,6331,17123210,,,,,,,,,,,,,,,,,,,,,,,,,73.625,80.000,76.562,1923500.000,-0.069856,,,174815.000,2.000,2.000,80.000,,-0.069856,-0.012,-0.012,0.011,0.011,-0.011
59192,2001/01/05,,11,1,6331,17123210,CB,CHUBB CORP,,,,N,A,R,900,1153,1,6331,17123210,,,,,,,,,,,,,,,,,,,,,,,,,74.750,77.500,75.125,985200.000,-0.018776,,,174815.000,2.000,2.000,76.562,,-0.018776,-0.029,-0.029,-0.009,-0.009,-0.026
59192,2001/01/08,,11,1,6331,17123210,CB,CHUBB CORP,,,,N,A,R,900,1153,1,6331,17123210,,,,,,,,,,,,,,,,,,,,,,,,,74.812,77.250,76.438,790600.000,0.017471,,,174815.000,2.000,2.000,75.125,,0.017471,-0.003,-0.004,-0.005,-0.005,-0.002
59192,2001/01/09,,11,1,6331,17123210,CB,CHUBB CORP,,,,N,A,R,900,1153,1,6331,17123210,,,,,,,,,,,,,,,,,,,,,,,,,74.000,77.000,74.062,587200.000,-0.031071,,,174815.000,2.000,2.000,76.188,,-0.031071,0.005,0.005,0.012,0.012,0.004
59192,2001/01/10,,11,1,6331,17123210,CB,CHUBB CORP,,,,N,A,R,900,1153,1,6331,17123210,,,,,,,,,,,,,,,,,,,,,,,,,73.375,75.375,74.312,678000.000,0.003376,,,174815.000,2.000,2.000,73.562,,0.003376,0.014,0.014,0.021,0.020,0.010
59192,2001/01/11,,11,1,6331,17123210,CB,CHUBB CORP,,,,N,A,R,900,1153,1,6331,17123210,,,,,,,,,,,,,,,,,,,,,,,,,73.375,74.938,73.750,867600.000,-0.007569,,,174815.000,2.000,2.000,73.625,,-0.007569,0.015,0.015,0.027,0.027,0.010
59192,2001/01/12,,11,1,6331,17123210,CB,CHUBB CORP,,,,N,A,R,900,1153,1,6331,17123210,,,,,,,,,,,,,,,,,,,,,,,,,68.812,73.000,69.062,1710200.000,-0.063559,,,174815.000,2.000,2.000,72.750,,-0.063559,-0.004,-0.004,0.019,0.019,-0.006
59192,2001/01/16,,11,1,6331,17123210,CB,CHUBB CORP,,,,N,A,R,900,1153,1,6331,17123210,,,,,,,,,,,,,,,,,,,,,,,,,68.375,72.438,71.750,1721500.000,0.038914,,,174815.000,2.000,2.000,69.750,,0.038914,0.006,0.006,0.019,0.019,0.006
59192,2001/01/17,,11,1,6331,17123210,CB,CHUBB CORP,,,,N,A,R,900,1153,1,6331,17123210,,,,,,,,,,,,,,,,,,,,,,,,,69.000,72.250,69.812,955500.000,-0.027003,,,174815.000,2.000,2.000,72.000,,-0.027003,0.004,0.004,0.013,0.013,0.002
59192,2001/01/18,,11,1,6331,17123210,CB,CHUBB CORP,,,,N,A,R,900,1153,1,6331,17123210,,,,,,,,,,,,,,,,,,,,,,,,,67.750,70.375,70.312,1435700.000,0.007162,,,174815.000,2.000,2.000,69.500,,0.007162,0.012,0.012,0.009,0.008,0.014
59192,2001/01/19,,11,1,6331,17123210,CB,CHUBB CORP,,,,N,A,R,900,1153,1,6331,17123210,,,,,,,,,,,,,,,,,,,,,,,,,68.375,70.188,68.688,745300.000,-0.023111,,,174815.000,2.000,2.000,69.812,,-0.023111,-0.004,-0.004,0.004,0.004,-0.004
59192,2001/01/22,,11,1,6331,17123210,CB,CHUBB CORP,,,,N,A,R,900,1153,1,6331,17123210,,,,,,,,,,,,,,,,,,,,,,,,,69.062,72.188,71.938,920100.000,0.047316,,,174815.000,2.000,2.000,69.125,,0.047316,0.000,0.000,0.005,0.005,0.000
59192,2001/01/23,,11,1,6331,17123210,CB,CHUBB CORP,,,,N,A,R,900,1153,1,6331,17123210,,,,,,,,,,,,,,,,,,,,,,,,,68.750,73.500,73.375,1844700.000,0.019983,,,174815.000,2.000,2.000,70.812,,0.019983,0.016,0.016,0.015,0.015,0.013
59192,2001/01/24,,11,1,6331,17123210,CB,CHUBB CORP,,,,N,A,R,900,1153,1,6331,17123210,,,,,,,,,,,,,,,,,,,,,,,,,72.625,74.688,73.812,995300.000,0.005963,,,174815.000,2.000,2.000,73.000,,0.005963,0.003,0.003,0.007,0.007,0.003
59192,2001/01/25,,11,1,6331,17123210,CB,CHUBB CORP,,,,N,A,R,900,1153,1,6331,17123210,,,,,,,,,,,,,,,,,,,,,,,,,73.438,74.938,74.938,923200.000,0.015241,,,174815.000,2.000,2.000,73.562,,0.015241,-0.008,-0.008,-0.003,-0.003,-0.005
59192,2001/01/26,,11,1,6331,17123210,CB,CHUBB CORP,,,,N,A,R,900,1153,1,6331,17123210,,,,,,,,,,,,,,,,,,,,,,,,,73.000,74.938,73.562,534200.000,-0.018349,,,174815.000,2.000,2.000,74.938,,-0.018349,-0.001,-0.001,0.002,0.002,-0.002
59192,2001/01/29,,11,1,6331,17123210,CB,CHUBB CORP,,,,N,A,R,900,1153,1,6331,17123210,,,,,,,,,,,,,,,,,,,,,,,,,72.700,74.100,72.740,567800.000,-0.011181,,,174815.000,2.000,2.000,73.310,,-0.011181,0.009,0.009,0.010,0.010,0.007
59192,2001/01/30,,11,1,6331,17123210,CB,CHUBB CORP,,,,N,A,R,900,1153,1,6331,17123210,,,,,,,,,,,,,,,,,,,,,,,,,71.250,73.970,73.640,655100.000,0.012373,,,174815.000,2.000,2.000,73.240,,0.012373,0.007,0.007,0.010,0.009,0.007
59192,2001/01/31,,11,1,6331,17123210,CB,CHUBB CORP,,,,N,A,R,900,1153,1,6331,17123210,,,,,,,,0.000,,,,,,,,,,,,,5.000,2.000,7.000,1.000,71.590,73.790,72.000,867600.000,-0.022270,,,174815.000,2.000,2.000,73.790,,-0.022270,-0.007,-0.007,-0.000,-0.000,-0.006
59192,2001/02/01,,11,1,6331,17123210,CB,CHUBB CORP,,,,N,A,R,900,1153,1,6331,17123210,,,,,,,,,,,,,,,,,,,,,,,,,72.050,73.000,73.000,1101100.000,0.013889,,,174815.000,2.000,2.000,72.750,,0.013889,0.004,0.004,0.002,0.002,0.005
59192,2001/02/02,,11,1,6331,17123210,CB,CHUBB CORP,,,,N,A,R,900,1153,1,6331,17123210,,,,,,,,,,,,,,,,,,,,,,,,,72.690,74.090,73.700,1169500.000,0.009589,,,174815.000,2.000,2.000,73.000,,0.009589,-0.019,-0.019,-0.009,-0.009,-0.017
59192,2001/02/05,,11,1,6331,17123210,CB,CHUBB CORP,,,,N,A,R,900,1153,1,6331,17123210,,,,,,,,,,,,,,,,,,,,,,,,,74.000,75.800,75.560,881100.000,0.025237,,,174815.000,2.000,2.000,74.000,,0.025237,0.002,0.002,-0.004,-0.004,0.004
59192,2001/02/06,,11,1,6331,17123210,CB,CHUBB CORP,,,,N,A,R,900,1153,1,6331,17123210,,,,,,,,,,,,,,,,,,,,,,,,,73.000,75.700,74.000,793300.000,-0.020646,,,174815.000,2.000,2.000,75.650,,-0.020646,0.000,0.000,0.002,0.002,-0.002
59192,2001/02/07,,11,1,6331,17123210,CB,CHUBB CORP,,,,N,A,R,900,1153,1,6331,17123210,,,,,,,,,,,,,,,,,,,,,,,,,73.810,75.870,75.610,1384500.000,0.021757,,,174815.000,2.000,2.000,74.000,,0.021757,-0.009,-0.009,-0.004,-0.004,-0.008
59192,2001/02/08,,11,1,6331,17123210,CB,CHUBB CORP,,,,N,A,R,900,1153,1,6331,17123210,,,,,,,,,,,,,,,,,,,,,,,,,73.710,76.030,75.070,950500.000,-0.007142,,,174815.000,2.000,2.000,75.500,,-0.007142,-0.006,-0.007,-0.003,-0.003,-0.006
59192,2001/02/09,,11,1,6331,17123210,CB,CHUBB CORP,,,,N,A,R,900,1153,1,6331,17123210,,,,,,,,,,,,,,,,,,,,,,,,,72.950,74.900,74.900,2576300.000,-0.002265,,,174815.000,2.000,2.000,73.000,,-0.002265,-0.014,-0.014,-0.009,-0.009,-0.013
59192,2001/02/12,,11,1,6331,17123210,CB,CHUBB CORP,,,,N,A,R,900,1153,1,6331,17123210,,,,,,,,,,,,,,,,,,,,,,,,,74.740,76.850,76.390,1188200.000,0.019893,,,174815.000,2.000,2.000,74.890,,0.019893,0.010,0.010,0.005,0.005,0.012
59192,2001/02/13,,11,1,6331,17123210,CB,CHUBB CORP,,,,N,A,R,900,1153,1,6331,17123210,,,,,,,,,,,,,,,,,,,,,,,,,74.980,76.350,75.150,659200.000,-0.016232,,,174815.000,2.000,2.000,76.300,,-0.016232,-0.009,-0.009,-0.003,-0.004,-0.009
59192,2001/02/14,,11,1,6331,17123210,CB,CHUBB CORP,,,,N,A,R,900,1153,1,6331,17123210,,,,,,,,,,,,,,,,,,,,,,,,,74.860,75.570,74.930,716600.000,-0.002927,,,174815.000,2.000,2.000,75.280,,-0.002927,-0.000,-0.000,-0.000,-0.001,-0.002
59192,2001/02/15,,11,1,6331,17123210,CB,CHUBB CORP,,,,N,A,R,900,1153,1,6331,17123210,,,,,,,,,,,,,,,,,,,,,,,,,72.950,74.240,73.400,815900.000,-0.020419,,,174815.000,2.000,2.000,74.230,,-0.020419,0.009,0.009,0.009,0.009,0.008
59192,2001/02/16,,11,1,6331,17123210,CB,CHUBB CORP,,,,N,A,R,900,1153,1,6331,17123210,,,,,,,,,,,,,,,,,,,,,,,,,73.210,74.520,73.990,585200.000,0.008038,,,174815.000,2.000,2.000,73.250,,0.008038,-0.021,-0.021,-0.014,-0.014,-0.019
59192,2001/02/20,,11,1,6331,17123210,CB,CHUBB CORP,,,,N,A,R,900,1153,1,6331,17123210,,,,,,,,,,,,,,,,,,,,,,,,,72.000,73.900,72.340,1186700.000,-0.022300,,,174815.000,2.000,2.000,73.750,,-0.022300,-0.019,-0.019,-0.012,-0.012,-0.017
59192,2001/02/21,,11,1,6331,17123210,CB,CHUBB CORP,,,,N,A,R,900,1153,1,6331,17123210,,,,,,,,,,,,,,,,,,,,,,,,,68.600,72.200,69.400,852800.000,-0.040641,,,174815.000,2.000,2.000,71.800,,-0.040641,-0.018,-0.018,-0.016,-0.016,-0.019
59192,2001/02/22,,11,1,6331,17123210,CB,CHUBB CORP,,,,N,A,R,900,1153,1,6331,17123210,,,,,,,,,,,,,,,,,,,,,,,,,69.150,71.080,70.500,1790700.000,0.015850,,,174815.000,2.000,2.000,69.150,,0.015850,-0.005,-0.005,-0.011,-0.011,-0.002
59192,2001/02/23,,11,1,6331,17123210,CB,CHUBB CORP,,,,N,A,R,900,1153,1,6331,17123210,,,,,,,,,,,,,,,,,,,,,,,,,69.000,70.500,69.690,830100.000,-0.011489,,,174815.000,2.000,2.000,70.500,,-0.011489,-0.004,-0.004,-0.003,-0.003,-0.006
59192,2001/02/26,,11,1,6331,17123210,CB,CHUBB CORP,,,,N,A,R,900,1153,1,6331,17123210,,,,,,,,,,,,,,,,,,,,,,,,,69.600,70.800,70.350,657600.000,0.009470,,,174815.000,2.000,2.000,69.690,,0.009470,0.019,0.019,0.016,0.016,0.017
59192,2001/02/27,,11,1,6331,17123210,CB,CHUBB CORP,,,,N,A,R,900,1153,1,6331,17123210,,,,,,,,,,,,,,,,,,,,,,,,,70.590,72.550,72.010,613600.000,0.023596,,,174815.000,2.000,2.000,70.900,,0.023596,-0.012,-0.012,-0.012,-0.012,-0.008
59192,2001/02/28,,11,1,6331,17123210,CB,CHUBB CORP,,,,N,A,R,900,1153,1,6331,17123210,,,,,,,,0.000,,,,,,,,,,,,,5.000,2.000,7.000,1.000,71.070,72.800,71.750,867600.000,-0.003611,,,174815.000,2.000,2.000,72.700,,-0.003611,-0.014,-0.014,-0.008,-0.008,-0.014
59192,2001/03/01,,11,1,6331,17123210,CB,CHUBB CORP,,,,N,A,R,900,1153,1,6331,17123210,,,,,,,,,,,,,,,,,,,,,,,,,70.200,71.500,71.150,675500.000,-0.008362,,,174815.000,2.000,2.000,70.800,,-0.008362,0.000,0.000,-0.006,-0.006,0.001
59192,2001/03/02,,11,1,6331,17123210,CB,CHUBB CORP,,,,N,A,R,900,1153,1,6331,17123210,,,,,,,,,,,,,,,,,,,,,,,,,71.060,72.600,72.000,790200.000,0.011947,,,174815.000,2.000,2.000,71.150,,0.011947,-0.005,-0.005,0.005,0.005,-0.006
59192,2001/03/05,,11,1,6331,17123210,CB,CHUBB CORP,,,,N,A,R,900,1153,1,6331,17123210,,,,,,,,,,,,,,,,,,,,,,,,,70.570,72.250,71.560,478400.000,-0.006111,,,174815.000,2.000,2.000,72.000,,-0.006111,0.005,0.005,0.002,0.002,0.006
59192,2001/03/06,,11,1,6331,17123210,CB,CHUBB CORP,,,,N,A,R,900,1153,1,6331,17123210,,,,,,,,,,,,,,,,,,,,,,,,,70.160,72.150,71.000,624500.000,-0.007826,,,174815.000,2.000,2.000,72.000,,-0.007826,0.011,0.011,0.010,0.010,0.010
59192,2001/03/07,,11,1,6331,17123210,CB,CHUBB CORP,,,,N,A,R,900,1153,1,6331,17123210,,,,,,,,,,,,,,,,,,,,,,,,,70.920,71.950,71.690,524000.000,0.009718,,,174815.000,2.000,2.000,71.010,,0.009718,0.006,0.006,0.006,0.005,0.006
59192,2001/03/08,,11,1,6331,17123210,CB,CHUBB CORP,,,,N,A,R,900,1153,1,6331,17123210,,,,,,,,,,,,,,,,,,,,,,,,,71.700,73.200,72.950,711400.000,0.017576,,,174815.000,2.000,2.000,71.700,,0.017576,-0.001,-0.001,-0.004,-0.004,0.002
59192,2001/03/09,,11,1,6331,17123210,CB,CHUBB CORP,,,,N,A,R,900,1153,1,6331,17123210,,,,,,,,,,,,,,,,,,,,,,,,,71.450,73.250,71.500,580500.000,-0.019877,,,174815.000,2.000,2.000,72.150,,-0.019877,-0.024,-0.024,-0.015,-0.015,-0.025
59192,2001/03/12,,11,1,6331,17123210,CB,CHUBB CORP,,,,N,A,R,900,1153,1,6331,17123210,,,,,,,,,,,,,,,,,,,,,,,,,69.520,72.400,69.600,756900.000,-0.026573,,,174815.000,2.000,2.000,71.750,,-0.026573,-0.042,-0.042,-0.031,-0.031,-0.043
59192,2001/03/13,,11,1,6331,17123210,CB,CHUBB CORP,,,,N,A,R,900,1153,1,6331,17123210,,,,,,,,,,,,,,,,,,,,,,,,,67.900,69.400,69.160,1207400.000,-0.006322,,,174815.000,2.000,2.000,69.350,,-0.006322,0.015,0.015,0.005,0.005,0.015
59192,2001/03/14,,11,1,6331,17123210,CB,CHUBB CORP,,,,N,A,R,900,1153,1,6331,17123210,,,,,,,,,,,,,,,,,,,,,,,,,66.155,68.000,67.400,1343200.000,-0.025448,,,174815.000,2.000,2.000,67.500,,-0.025448,-0.025,-0.025,-0.018,-0.018,-0.026
59192,2001/03/15,,11,1,6331,17123210,CB,CHUBB CORP,,,,N,A,R,900,1153,1,6331,17123210,,,,,,,,,,,,,,,,,,,,,,,,,67.350,68.960,68.600,975600.000,0.017804,,,174815.000,2.000,2.000,67.350,,0.017804,0.003,0.003,-0.000,-0.000,0.006
59192,2001/03/16,,11,1,6331,17123210,CB,CHUBB CORP,,,,N,A,R,900,1153,1,6331,17123210,,,,,,,,,,,,,,,,,,,,,,,,,67.500,68.900,68.420,1066600.000,-0.002624,,,174815.000,2.000,2.000,67.600,,-0.002624,-0.021,-0.021,-0.018,-0.018,-0.020
59192,2001/03/19,,11,1,6331,17123210,CB,CHUBB CORP,,,,N,A,R,900,1153,1,6331,17123210,,,,,,,,,,,,,,,,,,,,,,,,,67.500,69.000,68.290,975000.000,-0.001900,,,174815.000,2.000,2.000,69.000,,-0.001900,0.019,0.019,0.009,0.009,0.018
59192,2001/03/20,,11,1,6331,17123210,CB,CHUBB CORP,,,,N,A,R,900,1153,1,6331,17123210,,,,,,2001/04/05,2001/03/22,0.000,,,1232.000,0.340,0.000,0.000,,,,,,,5.000,2.000,7.000,1.000,67.420,69.500,67.520,766800.000,-0.006297,,,174815.000,2.000,2.000,68.350,,-0.011276,-0.023,-0.023,-0.008,-0.009,-0.024
59192,2001/03/21,,11,1,6331,17123210,CB,CHUBB CORP,,,,N,A,R,900,1153,1,6331,17123210,,,,,,,,,,,,,,,,,,,,,,,,,65.950,68.190,65.950,863800.000,-0.023252,,,174815.000,2.000,2.000,68.020,,-0.023252,-0.019,-0.019,-0.016,-0.016,-0.018
59192,2001/03/22,,11,1,6331,17123210,CB,CHUBB CORP,,,,N,A,R,900,1153,1,6331,17123210,,,,,,,,,,,,,,,,,,,,,,,,,63.640,66.780,65.270,1372400.000,-0.010311,,,174815.000,2.000,2.000,66.780,,-0.010311,-0.004,-0.005,-0.011,-0.011,-0.004
59192,2001/03/23,,11,1,6331,17123210,CB,CHUBB CORP,,,,N,A,R,900,1153,1,6331,17123210,,,,,,,,,,,,,,,,,,,,,,,,,65.000,67.950,66.500,1134500.000,0.018845,,,174815.000,2.000,2.000,65.000,,0.018845,0.020,0.020,0.021,0.021,0.020
59192,2001/03/26,,11,1,6331,17123210,CB,CHUBB CORP,,,,N,A,R,900,1153,1,6331,17123210,,,,,,,,,,,,,,,,,,,,,,,,,67.120,68.700,68.100,654900.000,0.024060,,,174815.000,2.000,2.000,67.150,,0.024060,0.011,0.011,0.007,0.007,0.011
59192,2001/03/27,,11,1,6331,17123210,CB,CHUBB CORP,,,,N,A,R,900,1153,1,6331,17123210,,,,,,,,,,,,,,,,,,,,,,,,,67.220,68.200,67.990,999600.000,-0.001615,,,174815.000,2.000,2.000,68.000,,-0.001615,0.023,0.023,0.009,0.009,0.026
59192,2001/03/28,,11,1,6331,17123210,CB,CHUBB CORP,,,,N,A,R,900,1153,1,6331,17123210,,,,,,,,,,,,,,,,,,,,,,,,,67.190,68.870,68.350,681400.000,0.005295,,,174815.000,2.000,2.000,68.000,,0.005295,-0.026,-0.026,-0.018,-0.018,-0.024
59192,2001/03/29,,11,1,6331,17123210,CB,CHUBB CORP,,,,N,A,R,900,1153,1,6331,17123210,,,,,,,,,,,,,,,,,,,,,,,,,68.630,70.450,69.990,1029500.000,0.023994,,,174815.000,2.000,2.000,68.950,,0.023994,-0.005,-0.005,-0.007,-0.007,-0.005
59192,2001/03/30,,11,1,6331,17123210,CB,CHUBB CORP,,,,N,A,R,900,1153,1,6331,17123210,,,,,,,,0.000,,,,,,,,,,,,,5.000,2.000,7.000,1.000,70.900,73.500,72.440,1157900.000,0.035005,,,175232.000,2.000,2.000,71.100,,0.035005,0.012,0.012,0.016,0.016,0.011
59192,2001/04/02,,11,1,6331,17123210,CB,CHUBB CORP,,,,N,A,R,900,1153,1,6331,17123210,,,,,,,,,,,,,,,,,,,,,,,,,72.450,75.250,73.300,1226000.000,0.011872,,,175232.000,2.000,2.000,72.450,,0.011872,-0.016,-0.016,-0.021,-0.021,-0.012
59192,2001/04/03,,11,1,6331,17123210,CB,CHUBB CORP,,,,N,A,R,900,1153,1,6331,17123210,,,,,,,,,,,,,,,,,,,,,,,,,70.760,73.300,71.010,902800.000,-0.031241,,,175232.000,2.000,2.000,73.300,,-0.031241,-0.036,-0.036,-0.034,-0.034,-0.034
59192,2001/04/04,,11,1,6331,17123210,CB,CHUBB CORP,,,,N,A,R,900,1153,1,6331,17123210,,,,,,,,,,,,,,,,,,,,,,,,,70.050,71.600,70.520,957600.000,-0.006901,,,175232.000,2.000,2.000,70.810,,-0.006901,-0.003,-0.003,-0.008,-0.008,-0.003
59192,2001/04/05,,11,1,6331,17123210,CB,CHUBB CORP,,,,N,A,R,900,1153,1,6331,17123210,,,,,,,,,,,,,,,,,,,,,,,,,70.700,71.850,71.560,631300.000,0.014748,,,175232.000,2.000,2.000,71.000,,0.014748,0.046,0.046,0.039,0.039,0.044
59192,2001/04/06,,11,1,6331,17123210,CB,CHUBB CORP,,,,N,A,R,900,1153,1,6331,17123210,,,,,,,,,,,,,,,,,,,,,,,,,68.690,72.500,69.090,1114700.000,-0.034517,,,175232.000,2.000,2.000,70.650,,-0.034517,-0.020,-0.020,-0.013,-0.013,-0.020
59192,2001/04/09,,11,1,6331,17123210,CB,CHUBB CORP,,,,N,A,R,900,1153,1,6331,17123210,,,,,,,,,,,,,,,,,,,,,,,,,68.150,69.750,68.780,692900.000,-0.004487,,,175232.000,2.000,2.000,69.200,,-0.004487,0.009,0.009,0.006,0.006,0.008
59192,2001/04/10,,11,1,6331,17123210,CB,CHUBB CORP,,,,N,A,R,900,1153,1,6331,17123210,,,,,,,,,,,,,,,,,,,,,,,,,67.500,68.870,68.160,1267700.000,-0.009014,,,175232.000,2.000,2.000,67.500,,-0.009014,0.029,0.029,0.023,0.023,0.027
59192,2001/04/11,,11,1,6331,17123210,CB,CHUBB CORP,,,,N,A,R,900,1153,1,6331,17123210,,,,,,,,,,,,,,,,,,,,,,,,,67.250,68.100,67.880,936000.000,-0.004108,,,175232.000,2.000,2.000,68.000,,-0.004108,-0.001,-0.001,0.007,0.007,-0.002
59192,2001/04/12,,11,1,6331,17123210,CB,CHUBB CORP,,,,N,A,R,900,1153,1,6331,17123210,,,,,,,,,,,,,,,,,,,,,,,,,66.550,68.440,66.920,1135900.000,-0.014143,,,175232.000,2.000,2.000,68.000,,-0.014143,0.016,0.016,0.015,0.015,0.015
59192,2001/04/16,,11,1,6331,17123210,CB,CHUBB CORP,,,,N,A,R,900,1153,1,6331,17123210,,,,,,,,,,,,,,,,,,,,,,,,,65.700,66.800,66.400,1397300.000,-0.007770,,,175232.000,2.000,2.000,66.500,,-0.007770,-0.005,-0.005,-0.004,-0.004,-0.003
59192,2001/04/17,,11,1,6331,17123210,CB,CHUBB CORP,,,,N,A,R,900,1153,1,6331,17123210,,,,,,,,,,,,,,,,,,,,,,,,,65.400,66.250,65.900,1649200.000,-0.007530,,,175232.000,2.000,2.000,66.250,,-0.007530,0.010,0.010,0.005,0.005,0.010
59192,2001/04/18,,11,1,6331,17123210,CB,CHUBB CORP,,,,N,A,R,900,1153,1,6331,17123210,,,,,,,,,,,,,,,,,,,,,,,,,66.000,67.700,66.760,1541900.000,0.013050,,,175232.000,2.000,2.000,66.000,,0.013050,0.040,0.040,0.029,0.029,0.039
59192,2001/04/19,,11,1,6331,17123210,CB,CHUBB CORP,,,,N,A,R,900,1153,1,6331,17123210,,,,,,,,,,,,,,,,,,,,,,,,,67.100,68.990,68.320,1210000.000,0.023367,,,175232.000,2.000,2.000,67.250,,0.023367,0.015,0.015,0.016,0.016,0.013
59192,2001/04/20,,11,1,6331,17123210,CB,CHUBB CORP,,,,N,A,R,900,1153,1,6331,17123210,,,,,,,,,,,,,,,,,,,,,,,,,66.000,68.220,66.380,970000.000,-0.028396,,,175232.000,2.000,2.000,68.100,,-0.028396,-0.008,-0.008,0.001,0.001,-0.009
59192,2001/04/23,,11,1,6331,17123210,CB,CHUBB CORP,,,,N,A,R,900,1153,1,6331,17123210,,,,,,,,,,,,,,,,,,,,,,,,,66.250,66.920,66.600,617000.000,0.003314,,,175232.000,2.000,2.000,66.250,,0.003314,-0.017,-0.017,-0.008,-0.008,-0.015
59192,2001/04/24,,11,1,6331,17123210,CB,CHUBB CORP,,,,N,A,R,900,1153,1,6331,17123210,,,,,,,,,,,,,,,,,,,,,,,,,63.300,66.500,64.320,1950700.000,-0.034234,,,175232.000,2.000,2.000,65.500,,-0.034234,-0.011,-0.011,0.002,0.002,-0.012
59192,2001/04/25,,11,1,6331,17123210,CB,CHUBB CORP,,,,N,A,R,900,1153,1,6331,17123210,,,,,,,,,,,,,,,,,,,,,,,,,63.810,65.000,64.400,2252200.000,0.001244,,,175232.000,2.000,2.000,64.000,,0.001244,0.016,0.016,0.012,0.011,0.016
59192,2001/04/26,,11,1,6331,17123210,CB,CHUBB CORP,,,,N,A,R,900,1153,1,6331,17123210,,,,,,,,,,,,,,,,,,,,,,,,,64.250,65.920,64.350,1699600.000,-0.000776,,,175232.000,2.000,2.000,64.600,,-0.000776,0.005,0.005,0.008,0.007,0.005
59192,2001/04/27,,11,1,6331,17123210,CB,CHUBB CORP,,,,N,A,R,900,1153,1,6331,17123210,,,,,,,,,,,,,,,,,,,,,,,,,64.500,66.670,66.100,1044100.000,0.027195,,,175232.000,2.000,2.000,64.500,,0.027195,0.014,0.014,0.011,0.011,0.015
59192,2001/04/30,,11,1,6331,17123210,CB,CHUBB CORP,,,,N,A,R,900,1153,1,6331,17123210,,,,,,,,0.000,,,,,,,,,,,,,5.000,2.000,7.000,1.000,66.000,67.500,66.750,949000.000,0.009834,,,175232.000,2.000,2.000,66.250,,0.009834,0.001,0.001,0.010,0.010,-0.003
59192,2001/05/01,,11,1,6331,17123210,CB,CHUBB CORP,,,,N,A,R,900,1153,1,6331,17123210,,,,,,,,,,,,,,,,,,,,,,,,,66.050,68.500,68.020,2049500.000,0.019026,,,175232.000,2.000,2.000,66.700,,0.019026,0.013,0.013,0.010,0.010,0.014
59192,2001/05/02,,11,1,6331,17123210,CB,CHUBB CORP,,,,N,A,R,900,1153,1,6331,17123210,,,,,,,,,,,,,,,,,,,,,,,,,67.150,68.600,67.450,1053500.000,-0.008380,,,175232.000,2.000,2.000,68.600,,-0.008380,0.003,0.003,0.012,0.012,0.001
59192,2001/05/03,,11,1,6331,17123210,CB,CHUBB CORP,,,,N,A,R,900,1153,1,6331,17123210,,,,,,,,,,,,,,,,,,,,,,,,,66.940,68.000,67.710,1391600.000,0.003855,,,175232.000,2.000,2.000,67.450,,0.003855,-0.015,-0.015,-0.005,-0.006,-0.015
59192,2001/05/04,,11,1,6331,17123210,CB,CHUBB CORP,,,,N,A,R,900,1153,1,6331,17123210,,,,,,,,,,,,,,,,,,,,,,,,,67.410,69.380,68.350,883800.000,0.009452,,,175232.000,2.000,2.000,67.650,,0.009452,0.014,0.014,0.011,0.011,0.014
59192,2001/05/07,,11,1,6331,17123210,CB,CHUBB CORP,,,,N,A,R,900,1153,1,6331,17123210,,,,,,,,,,,,,,,,,,,,,,,,,68.250,69.250,68.750,557500.000,0.005852,,,175232.000,2.000,2.000,68.360,,0.005852,-0.003,-0.003,0.001,0.001,-0.002
59192,2001/05/08,,11,1,6331,17123210,CB,CHUBB CORP,,,,N,A,R,900,1153,1,6331,17123210,,,,,,,,,,,,,,,,,,,,,,,,,68.950,70.180,69.750,865800.000,0.014545,,,175232.000,2.000,2.000,69.100,,0.014545,-0.001,-0.001,0.005,0.005,-0.002
59192,2001/05/09,,11,1,6331,17123210,CB,CHUBB CORP,,,,N,A,R,900,1153,1,6331,17123210,,,,,,,,,,,,,,,,,,,,,,,,,69.250,70.160,69.740,775200.000,-0.000143,,,175232.000,2.000,2.000,69.600,,-0.000143,-0.004,-0.004,0.001,0.001,-0.004
59192,2001/05/10,,11,1,6331,17123210,CB,CHUBB CORP,,,,N,A,R,900,1153,1,6331,17123210,,,,,,,,,,,,,,,,,,,,,,,,,68.110,70.740,68.730,1953600.000,-0.014482,,,175232.000,2.000,2.000,70.740,,-0.014482,-0.000,-0.001,0.003,0.003,-0.000
59192,2001/05/11,,11,1,6331,17123210,CB,CHUBB CORP,,,,N,A,R,900,1153,1,6331,17123210,,,,,,,,,,,,,,,,,,,,,,,,,69.940,71.810,70.850,2315900.000,0.030845,,,175232.000,2.000,2.000,71.750,,0.030845,-0.008,-0.008,-0.002,-0.002,-0.008
59192,2001/05/14,,11,1,6331,17123210,CB,CHUBB CORP,,,,N,A,R,900,1153,1,6331,17123210,,,,,,,,,,,,,,,,,,,,,,,,,70.850,72.000,72.000,961500.000,0.016231,,,175232.000,2.000,2.000,70.850,,0.016231,0.001,0.001,-0.003,-0.003,0.003
59192,2001/05/15,,11,1,6331,17123210,CB,CHUBB CORP,,,,N,A,R,900,1153,1,6331,17123210,,,,,,,,,,,,,,,,,,,,,,,,,71.450,72.250,72.150,943800.000,0.002083,,,175232.000,2.000,2.000,71.910,,0.002083,0.001,0.001,0.004,0.004,0.000
59192,2001/05/16,,11,1,6331,17123210,CB,CHUBB CORP,,,,N,A,R,900,1153,1,6331,17123210,,,,,,,,,,,,,,,,,,,,,,,,,72.010,73.490,73.250,601700.000,0.015246,,,175232.000,2.000,2.000,72.490,,0.015246,0.027,0.027,0.010,0.010,0.028
59192,2001/05/17,,11,1,6331,17123210,CB,CHUBB CORP,,,,N,A,R,900,1153,1,6331,17123210,,,,,,,,,,,,,,,,,,,,,,,,,73.530,74.250,73.950,705400.000,0.009556,,,175232.000,2.000,2.000,73.600,,0.009556,0.006,0.006,0.011,0.010,0.003
59192,2001/05/18,,11,1,6331,17123210,CB,CHUBB CORP,,,,N,A,R,900,1153,1,6331,17123210,,,,,,,,,,,,,,,,,,,,,,,,,73.830,74.900,73.950,795000.000,0.000000,,,175232.000,2.000,2.000,74.900,,0.000000,0.003,0.003,0.005,0.005,0.003
59192,2001/05/21,,11,1,6331,17123210,CB,CHUBB CORP,,,,N,A,R,900,1153,1,6331,17123210,,,,,,,,,,,,,,,,,,,,,,,,,73.000,74.950,74.720,874900.000,0.010412,74.550,74.900,175232.000,2.000,2.000,73.500,,0.010412,0.019,0.019,0.016,0.016,0.016
59192,2001/05/22,,11,1,6331,17123210,CB,CHUBB CORP,,,,N,A,R,900,1153,1,6331,17123210,,,,,,,,,,,,,,,,,,,,,,,,,73.900,74.850,74.450,1050000.000,-0.003614,74.340,74.590,175232.000,2.000,2.000,74.700,,-0.003614,-0.002,-0.002,0.007,0.007,-0.003
59192,2001/05/23,,11,1,6331,17123210,CB,CHUBB CORP,,,,N,A,R,900,1153,1,6331,17123210,,,,,,,,,,,,,,,,,,,,,,,,,73.240,74.270,73.450,808900.000,-0.013432,73.280,73.550,175232.000,2.000,2.000,74.250,,-0.013432,-0.017,-0.017,-0.007,-0.007,-0.016
59192,2001/05/24,,11,1,6331,17123210,CB,CHUBB CORP,,,,N,A,R,900,1153,1,6331,17123210,,,,,,,,,,,,,,,,,,,,,,,,,73.300,73.990,73.640,797900.000,0.002587,73.540,73.780,175232.000,2.000,2.000,73.400,,0.002587,0.004,0.004,0.006,0.005,0.003
59192,2001/05/25,,11,1,6331,17123210,CB,CHUBB CORP,,,,N,A,R,900,1153,1,6331,17123210,,,,,,,,,,,,,,,,,,,,,,,,,73.020,73.940,73.220,409200.000,-0.005703,73.110,73.320,175232.000,2.000,2.000,73.640,,-0.005703,-0.010,-0.010,0.003,0.003,-0.012
59192,2001/05/29,,11,1,6331,17123210,CB,CHUBB CORP,,,,N,A,R,900,1153,1,6331,17123210,,,,,,,,,,,,,,,,,,,,,,,,,73.220,75.620,74.980,1292000.000,0.024037,74.870,75.090,175232.000,2.000,2.000,73.220,,0.024037,-0.010,-0.010,-0.008,-0.008,-0.008
59192,2001/05/30,,11,1,6331,17123210,CB,CHUBB CORP,,,,N,A,R,900,1153,1,6331,17123210,,,,,,,,,,,,,,,,,,,,,,,,,73.850,76.600,76.200,977800.000,0.016271,76.050,76.150,175232.000,2.000,2.000,74.000,,0.016271,-0.018,-0.018,-0.016,-0.016,-0.016
59192,2001/05/31,,11,1,6331,17123210,CB,CHUBB CORP,,,,N,A,R,900,1153,1,6331,17123210,,,,,,,,0.000,,,,,,,,,,,,,5.000,2.000,7.000,1.000,75.090,76.600,75.350,758600.000,-0.011155,75.160,75.450,175242.000,2.000,2.000,76.200,,-0.011155,0.008,0.008,0.007,0.007,0.006
59192,2001/06/01,,11,1,6331,17123210,CB,CHUBB CORP,,,,N,A,R,900,1153,1,6331,17123210,,,,,,,,,,,,,,,,,,,,,,,,,73.800,75.450,74.350,956800.000,-0.013271,74.160,74.450,175242.000,2.000,2.000,75.450,,-0.013271,0.005,0.005,0.006,0.006,0.004
59192,2001/06/04,,11,1,6331,17123210,CB,CHUBB CORP,,,,N,A,R,900,1153,1,6331,17123210,,,,,,,,,,,,,,,,,,,,,,,,,75.000,75.940,75.400,1086400.000,0.014122,75.290,75.500,175242.000,2.000,2.000,75.000,,0.014122,0.005,0.005,0.005,0.005,0.005
59192,2001/06/05,,11,1,6331,17123210,CB,CHUBB CORP,,,,N,A,R,900,1153,1,6331,17123210,,,,,,,,,,,,,,,,,,,,,,,,,75.100,76.490,76.280,748000.000,0.011671,76.160,76.460,175242.000,2.000,2.000,75.270,,0.011671,0.014,0.014,0.012,0.012,0.013
59192,2001/06/06,,11,1,6331,17123210,CB,CHUBB CORP,,,,N,A,R,900,1153,1,6331,17123210,,,,,,,,,,,,,,,,,,,,,,,,,75.700,77.400,76.300,803900.000,0.000262,76.190,76.410,175242.000,2.000,2.000,75.850,,0.000262,-0.009,-0.010,-0.003,-0.003,-0.011
59192,2001/06/07,,11,1,6331,17123210,CB,CHUBB CORP,,,,N,A,R,900,1153,1,6331,17123210,,,,,,,,,,,,,,,,,,,,,,,,,75.930,77.400,76.320,514500.000,0.000262,76.210,76.430,175242.000,2.000,2.000,76.050,,0.000262,0.005,0.005,0.005,0.005,0.005
59192,2001/06/08,,11,1,6331,17123210,CB,CHUBB CORP,,,,N,A,R,900,1153,1,6331,17123210,,,,,,,,,,,,,,,,,,,,,,,,,76.150,76.490,76.380,434500.000,0.000786,76.200,76.490,175242.000,2.000,2.000,76.320,,0.000786,-0.010,-0.010,-0.002,-0.002,-0.009
59192,2001/06/11,,11,1,6331,17123210,CB,CHUBB CORP,,,,N,A,R,900,1153,1,6331,17123210,,,,,,,,,,,,,,,,,,,,,,,,,76.013,76.870,76.120,499100.000,-0.003404,75.970,76.230,175242.000,2.000,2.000,76.130,,-0.003404,-0.010,-0.010,-0.006,-0.006,-0.008
59192,2001/06/12,,11,1,6331,17123210,CB,CHUBB CORP,,,,N,A,R,900,1153,1,6331,17123210,,,,,,,,,,,,,,,,,,,,,,,,,75.570,77.000,76.760,539200.000,0.008408,76.620,76.860,175242.000,2.000,2.000,75.850,,0.008408,0.000,0.000,-0.001,-0.001,0.001
59192,2001/06/13,,11,1,6331,17123210,CB,CHUBB CORP,,,,N,A,R,900,1153,1,6331,17123210,2001/06/01,,,,,2001/07/03,2001/06/15,0.000,,,1232.000,0.340,0.000,0.000,,,,,,,5.000,2.000,7.000,1.000,76.930,78.630,77.590,971800.000,0.015242,77.280,77.700,175242.000,2.000,2.000,77.600,,0.010813,-0.010,-0.010,-0.002,-0.003,-0.011
59192,2001/06/14,,11,1,6331,17123210,CB,CHUBB CORP,,,,N,A,R,900,1153,1,6331,17123210,,,,,,,,,,,,,,,,,,,,,,,,,76.930,78.070,77.560,781200.000,-0.000387,77.450,77.670,175242.000,2.000,2.000,77.580,,-0.000387,-0.019,-0.019,-0.015,-0.015,-0.018
59192,2001/06/15,,11,1,6331,17123210,CB,CHUBB CORP,,,,N,A,R,900,1153,1,6331,17123210,,,,,,,,,,,,,,,,,,,,,,,,,76.950,79.370,79.000,1456500.000,0.018566,78.710,79.110,175242.000,2.000,2.000,77.000,,0.018566,-0.005,-0.005,-0.005,-0.005,-0.005
59192,2001/06/18,,11,1,6331,17123210,CB,CHUBB CORP,,,,N,A,R,900,1153,1,6331,17123210,,,,,,,,,,,,,,,,,,,,,,,,,78.100,79.230,78.250,592500.000,-0.009494,78.150,78.450,175242.000,2.000,2.000,78.750,,-0.009494,-0.007,-0.007,-0.013,-0.013,-0.005
59192,2001/06/19,,11,1,6331,17123210,CB,CHUBB CORP,,,,N,A,R,900,1153,1,6331,17123210,,,,,,,,,,,,,,,,,,,,,,,,,77.960,78.750,78.210,526000.000,-0.000511,78.100,78.320,175242.000,2.000,2.000,78.400,,-0.000511,0.002,0.002,-0.006,-0.006,0.003
59192,2001/06/20,,11,1,6331,17123210,CB,CHUBB CORP,,,,N,A,R,900,1153,1,6331,17123210,,,,,,,,,,,,,,,,,,,,,,,,,77.650,78.510,77.870,781100.000,-0.004347,77.740,78.020,175242.000,2.000,2.000,77.980,,-0.004347,0.010,0.010,0.001,0.001,0.009
59192,2001/06/21,,11,1,6331,17123210,CB,CHUBB CORP,,,,N,A,R,900,1153,1,6331,17123210,,,,,,,,,,,,,,,,,,,,,,,,,77.100,78.000,77.980,989200.000,0.001413,77.870,78.090,175242.000,2.000,2.000,77.100,,0.001413,0.010,0.010,0.004,0.004,0.011
59192,2001/06/22,,11,1,6331,17123210,CB,CHUBB CORP,,,,N,A,R,900,1153,1,6331,17123210,,,,,,,,,,,,,,,,,,,,,,,,,77.000,78.510,77.550,589100.000,-0.005514,77.290,77.660,175242.000,2.000,2.000,78.500,,-0.005514,-0.009,-0.009,-0.002,-0.003,-0.009
59192,2001/06/25,,11,1,6331,17123210,CB,CHUBB CORP,,,,N,A,R,900,1153,1,6331,17123210,,,,,,,,,,,,,,,,,,,,,,,,,76.660,77.400,76.660,516600.000,-0.011476,76.570,76.940,175242.000,2.000,2.000,77.250,,-0.011476,-0.005,-0.005,-0.000,-0.000,-0.006
59192,2001/06/26,,11,1,6331,17123210,CB,CHUBB CORP,,,,N,A,R,900,1153,1,6331,17123210,,,,,,,,,,,,,,,,,,,,,,,,,76.210,79.350,78.150,1185300.000,0.019436,78.000,78.260,175242.000,2.000,2.000,76.220,,0.019436,-0.000,-0.000,0.005,0.005,-0.002
59192,2001/06/27,,11,1,6331,17123210,CB,CHUBB CORP,,,,N,A,R,900,1153,1,6331,17123210,,,,,,,,,,,,,,,,,,,,,,,,,77.880,78.990,78.210,653800.000,0.000768,78.100,78.320,175242.000,2.000,2.000,78.150,,0.000768,-0.002,-0.002,0.004,0.004,-0.005
59192,2001/06/28,,11,1,6331,17123210,CB,CHUBB CORP,,,,N,A,R,900,1153,1,6331,17123210,,,,,,,,,,,,,,,,,,,,,,,,,77.850,79.500,78.200,669900.000,-0.000128,78.050,78.350,175242.000,2.000,2.000,78.000,,-0.000128,0.013,0.013,0.008,0.008,0.012
59192,2001/06/29,,11,1,6331,17123210,CB,CHUBB CORP,,,,N,A,R,900,1153,1,6331,17123210,,,,,,,,0.000,,,,,,,,,,,,,5.000,2.000,7.000,1.000,77.260,78.550,77.430,1120900.000,-0.009847,77.320,77.540,175242.000,2.000,2.000,78.550,,-0.009847,0.004,0.004,0.019,0.019,-0.001
59192,2001/07/02,,11,1,6331,17123210,CB,CHUBB CORP,,,,N,A,R,900,1153,1,6331,17123210,,,,,,,,,,,,,,,,,,,,,,,,,76.580,77.980,76.890,1007300.000,-0.006974,76.830,77.050,175242.000,2.000,2.000,77.000,,-0.006974,0.005,0.005,-0.006,-0.006,0.010
59192,2001/07/03,,11,1,6331,17123210,CB,CHUBB CORP,,,,N,A,R,900,1153,1,6331,17123210,,,,,,,,,,,,,,,,,,,,,,,,,76.560,77.450,76.850,405300.000,-0.000520,76.750,76.960,175242.000,2.000,2.000,76.900,,-0.000520,-0.002,-0.002,-0.000,-0.000,-0.002
59192,2001/07/05,,11,1,6331,17123210,CB,CHUBB CORP,,,,N,A,R,900,1153,1,6331,17123210,,,,,,,,,,,,,,,,,,,,,,,,,76.480,76.940,76.670,577600.000,-0.002342,76.460,76.780,175242.000,2.000,2.000,76.850,,-0.002342,-0.012,-0.012,-0.007,-0.007,-0.012
59192,2001/07/06,,11,1,6331,17123210,CB,CHUBB CORP,,,,N,A,R,900,1153,1,6331,17123210,,,,,,,,,,,,,,,,,,,,,,,,,75.150,76.600,75.160,378200.000,-0.019695,75.210,75.460,175242.000,2.000,2.000,76.450,,-0.019695,-0.022,-0.022,-0.012,-0.012,-0.023
59192,2001/07/09,,11,1,6331,17123210,CB,CHUBB CORP,,,,N,A,R,900,1153,1,6331,17123210,,,,,,,,,,,,,,,,,,,,,,,,,74.300,75.390,74.300,937500.000,-0.011442,74.190,74.600,175242.000,2.000,2.000,75.200,,-0.011442,0.006,0.006,0.002,0.002,0.007
59192,2001/07/10,,11,1,6331,17123210,CB,CHUBB CORP,,,,N,A,R,900,1153,1,6331,17123210,,,,,,,,,,,,,,,,,,,,,,,,,71.600,73.240,72.460,2306000.000,-0.024765,72.290,72.560,175242.000,2.000,2.000,72.750,,-0.024765,-0.014,-0.014,-0.009,-0.009,-0.014
59192,2001/07/11,,11,1,6331,17123210,CB,CHUBB CORP,,,,N,A,R,900,1153,1,6331,17123210,,,,,,,,,,,,,,,,,,,,,,,,,70.500,71.890,70.890,1423300.000,-0.021667,70.780,70.990,175242.000,2.000,2.000,71.800,,-0.021667,-0.002,-0.002,-0.005,-0.006,-0.001
59192,2001/07/12,,11,1,6331,17123210,CB,CHUBB CORP,,,,N,A,R,900,1153,1,6331,17123210,,,,,,,,,,,,,,,,,,,,,,,,,71.000,72.150,71.800,1302000.000,0.012837,71.660,72.030,175242.000,2.000,2.000,71.100,,0.012837,0.024,0.024,0.015,0.015,0.024
59192,2001/07/13,,11,1,6331,17123210,CB,CHUBB CORP,,,,N,A,R,900,1153,1,6331,17123210,,,,,,,,,,,,,,,,,,,,,,,,,71.600,72.500,71.980,784000.000,0.002507,71.870,72.160,175242.000,2.000,2.000,71.800,,0.002507,0.005,0.005,0.004,0.004,0.006
59192,2001/07/16,,11,1,6331,17123210,CB,CHUBB CORP,,,,N,A,R,900,1153,1,6331,17123210,,,,,,,,,,,,,,,,,,,,,,,,,70.550,72.240,70.820,977400.000,-0.016116,70.710,71.050,175242.000,2.000,2.000,72.000,,-0.016116,-0.012,-0.012,-0.007,-0.007,-0.011
59192,2001/07/17,,11,1,6331,17123210,CB,CHUBB CORP,,,,N,A,R,900,1153,1,6331,17123210,,,,,,,,,,,,,,,,,,,,,,,,,69.200,70.830,70.410,1150600.000,-0.005789,70.250,70.530,175242.000,2.000,2.000,70.420,,-0.005789,0.011,0.011,0.005,0.005,0.010
59192,2001/07/18,,11,1,6331,17123210,CB,CHUBB CORP,,,,N,A,R,900,1153,1,6331,17123210,,,,,,,,,,,,,,,,,,,,,,,,,69.850,71.250,71.090,702700.000,0.009658,70.990,71.200,175242.000,2.000,2.000,69.910,,0.009658,-0.007,-0.007,-0.008,-0.008,-0.006
59192,2001/07/19,,11,1,6331,17123210,CB,CHUBB CORP,,,,N,A,R,900,1153,1,6331,17123210,,,,,,,,,,,,,,,,,,,,,,,,,69.300,71.670,69.610,940900.000,-0.020819,69.510,69.770,175242.000,2.000,2.000,71.650,,-0.020819,0.005,0.005,0.005,0.005,0.006
59192,2001/07/20,,11,1,6331,17123210,CB,CHUBB CORP,,,,N,A,R,900,1153,1,6331,17123210,,,,,,,,,,,,,,,,,,,,,,,,,67.340,69.640,68.320,700600.000,-0.018532,68.220,68.430,175242.000,2.000,2.000,69.420,,-0.018532,-0.003,-0.003,0.000,0.000,-0.003
59192,2001/07/23,,11,1,6331,17123210,CB,CHUBB CORP,,,,N,A,R,900,1153,1,6331,17123210,,,,,,,,,,,,,,,,,,,,,,,,,67.400,68.850,67.400,614300.000,-0.013466,67.650,67.670,175242.000,2.000,2.000,68.150,,-0.013466,-0.015,-0.015,-0.006,-0.006,-0.016
59192,2001/07/24,,11,1,6331,17123210,CB,CHUBB CORP,,,,N,A,R,900,1153,1,6331,17123210,,,,,,,,,,,,,,,,,,,,,,,,,66.450,68.280,66.450,839600.000,-0.014095,66.290,66.850,175242.000,2.000,2.000,67.500,,-0.014095,-0.016,-0.016,-0.011,-0.012,-0.016
59192,2001/07/25,,11,1,6331,17123210,CB,CHUBB CORP,,,,N,A,R,900,1153,1,6331,17123210,,,,,,,,,,,,,,,,,,,,,,,,,66.510,67.950,67.550,681900.000,0.016554,67.330,67.850,175242.000,2.000,2.000,66.550,,0.016554,0.014,0.014,0.003,0.003,0.016
59192,2001/07/26,,11,1,6331,17123210,CB,CHUBB CORP,,,,N,A,R,900,1153,1,6331,17123210,,,,,,,,,,,,,,,,,,,,,,,,,68.000,69.900,69.800,2824100.000,0.033309,69.660,70.140,175242.000,2.000,2.000,68.750,,0.033309,0.012,0.011,0.008,0.008,0.010
59192,2001/07/27,,11,1,6331,17123210,CB,CHUBB CORP,,,,N,A,R,900,1153,1,6331,17123210,,,,,,,,,,,,,,,,,,,,,,,,,69.370,70.300,69.650,759200.000,-0.002149,69.530,69.860,175242.000,2.000,2.000,69.650,,-0.002149,0.003,0.003,0.004,0.003,0.002
59192,2001/07/30,,11,1,6331,17123210,CB,CHUBB CORP,,,,N,A,R,900,1153,1,6331,17123210,,,,,,,,,,,,,,,,,,,,,,,,,68.980,70.200,69.250,470200.000,-0.005743,69.150,69.470,175242.000,2.000,2.000,69.450,,-0.005743,-0.001,-0.001,-0.001,-0.001,-0.001
59192,2001/07/31,,11,1,6331,17123210,CB,CHUBB CORP,,,,N,A,R,900,1153,1,6331,17123210,,,,,,,,0.000,,,,,,,,,,,,,5.000,2.000,7.000,1.000,69.810,71.100,70.170,725400.000,0.013285,70.030,70.270,175242.000,2.000,2.000,69.900,,0.013285,0.005,0.005,0.003,0.003,0.006
59192,2001/08/01,,11,1,6331,17123210,CB,CHUBB CORP,,,,N,A,R,900,1153,1,6331,17123210,,,,,,,,,,,,,,,,,,,,,,,,,69.750,70.700,70.480,695800.000,0.004418,70.370,70.580,175242.000,2.000,2.000,70.100,,0.004418,0.005,0.005,0.006,0.006,0.004
59192,2001/08/02,,11,1,6331,17123210,CB,CHUBB CORP,,,,N,A,R,900,1153,1,6331,17123210,,,,,,,,,,,,,,,,,,,,,,,,,68.700,70.250,68.760,1201900.000,-0.024404,68.660,68.900,175242.000,2.000,2.000,70.250,,-0.024404,0.003,0.003,0.003,0.002,0.004
59192,2001/08/03,,11,1,6331,17123210,CB,CHUBB CORP,,,,N,A,R,900,1153,1,6331,17123210,,,,,,,,,,,,,,,,,,,,,,,,,68.220,69.000,68.510,602100.000,-0.003636,68.380,68.650,175242.000,2.000,2.000,68.760,,-0.003636,-0.005,-0.005,0.001,0.000,-0.005
59192,2001/08/06,,11,1,6331,17123210,CB,CHUBB CORP,,,,N,A,R,900,1153,1,6331,17123210,,,,,,,,,,,,,,,,,,,,,,,,,68.110,68.980,68.270,526200.000,-0.003503,68.170,68.530,175242.000,2.000,2.000,68.200,,-0.003503,-0.011,-0.011,-0.006,-0.006,-0.011
59192,2001/08/07,,11,1,6331,17123210,CB,CHUBB CORP,,,,N,A,R,900,1153,1,6331,17123210,,,,,,,,,,,,,,,,,,,,,,,,,68.200,70.550,70.450,824900.000,0.031932,70.140,70.570,175242.000,2.000,2.000,68.220,,0.031932,0.002,0.002,-0.000,-0.000,0.003
59192,2001/08/08,,11,1,6331,17123210,CB,CHUBB CORP,,,,N,A,R,900,1153,1,6331,17123210,,,,,,,,,,,,,,,,,,,,,,,,,69.210,70.450,69.520,537100.000,-0.013201,69.410,69.630,175242.000,2.000,2.000,70.100,,-0.013201,-0.017,-0.017,-0.010,-0.010,-0.017
59192,2001/08/09,,11,1,6331,17123210,CB,CHUBB CORP,,,,N,A,R,900,1153,1,6331,17123210,,,,,,,,,,,,,,,,,,,,,,,,,68.720,69.900,69.640,495600.000,0.001726,69.530,69.750,175242.000,2.000,2.000,69.550,,0.001726,-0.000,-0.000,-0.001,-0.001,-0.000
59192,2001/08/10,,11,1,6331,17123210,CB,CHUBB CORP,,,,N,A,R,900,1153,1,6331,17123210,,,,,,,,,,,,,,,,,,,,,,,,,68.900,70.000,69.430,430300.000,-0.003015,69.320,69.540,175242.000,2.000,2.000,70.000,,-0.003015,0.004,0.004,0.001,0.001,0.006
59192,2001/08/13,,11,1,6331,17123210,CB,CHUBB CORP,,,,N,A,R,900,1153,1,6331,17123210,,,,,,,,,,,,,,,,,,,,,,,,,68.910,69.650,69.290,408400.000,-0.002016,69.190,69.450,175242.000,2.000,2.000,69.450,,-0.002016,0.002,0.002,0.003,0.002,0.001
59192,2001/08/14,,11,1,6331,17123210,CB,CHUBB CORP,,,,N,A,R,900,1153,1,6331,17123210,,,,,,,,,,,,,,,,,,,,,,,,,68.750,69.420,69.050,937500.000,-0.003464,68.940,69.150,175242.000,2.000,2.000,69.420,,-0.003464,-0.002,-0.002,0.002,0.002,-0.004
59192,2001/08/15,,11,1,6331,17123210,CB,CHUBB CORP,,,,N,A,R,900,1153,1,6331,17123210,,,,,,,,,,,,,,,,,,,,,,,,,68.670,69.200,68.680,350200.000,-0.005358,68.570,68.860,175242.000,2.000,2.000,69.050,,-0.005358,-0.007,-0.007,-0.005,-0.005,-0.007
59192,2001/08/16,,11,1,6331,17123210,CB,CHUBB CORP,,,,N,A,R,900,1153,1,6331,17123210,,,,,,,,,,,,,,,,,,,,,,,,,68.140,69.300,69.020,347600.000,0.004950,68.910,69.150,175242.000,2.000,2.000,68.250,,0.004950,0.002,0.002,-0.002,-0.002,0.003
59192,2001/08/17,,11,1,6331,17123210,CB,CHUBB CORP,,,,N,A,R,900,1153,1,6331,17123210,,,,,,,,,,,,,,,,,,,,,,,,,68.260,69.100,68.940,599000.000,-0.001159,68.840,69.110,175242.000,2.000,2.000,68.500,,-0.001159,-0.016,-0.016,-0.007,-0.007,-0.017
59192,2001/08/20,,11,1,6331,17123210,CB,CHUBB CORP,,,,N,A,R,900,1153,1,6331,17123210,,,,,,,,,,,,,,,,,,,,,,,,,68.690,69.450,69.000,424700.000,0.000870,68.890,69.180,175242.000,2.000,2.000,69.000,,0.000870,0.007,0.007,-0.000,-0.000,0.008
59192,2001/08/21,,11,1,6331,17123210,CB,CHUBB CORP,,,,N,A,R,900,1153,1,6331,17123210,,,,,,,,,,,,,,,,,,,,,,,,,68.400,69.140,68.480,457600.000,-0.007536,68.360,68.710,175242.000,2.000,2.000,69.000,,-0.007536,-0.011,-0.011,-0.008,-0.008,-0.012
59192,2001/08/22,,11,1,6331,17123210,CB,CHUBB CORP,,,,N,A,R,900,1153,1,6331,17123210,,,,,,,,,,,,,,,,,,,,,,,,,67.560,68.500,67.950,467600.000,-0.007740,67.850,68.190,175242.000,2.000,2.000,68.480,,-0.007740,0.007,0.007,0.004,0.004,0.007
59192,2001/08/23,,11,1,6331,17123210,CB,CHUBB CORP,,,,N,A,R,900,1153,1,6331,17123210,,,,,,,,,,,,,,,,,,,,,,,,,68.290,69.690,69.380,560800.000,0.021045,69.260,69.490,175242.000,2.000,2.000,68.450,,0.021045,-0.003,-0.003,-0.004,-0.004,-0.003
59192,2001/08/24,,11,1,6331,17123210,CB,CHUBB CORP,,,,N,A,R,900,1153,1,6331,17123210,,,,,,,,2.000,,,,,,,,,,,,,5.000,2.000,7.000,1.000,68.900,69.750,69.110,372200.000,-0.003892,68.980,69.220,175242.000,2.000,2.000,69.500,,-0.003892,0.018,0.018,0.011,0.011,0.020
59192,2001/08/27,,11,1,6331,17123210,CB,CHUBB CORP,,,,N,A,R,900,1153,1,6331,17123210,,,,,,,,,,,,,,,,,,,,,,,,,68.020,69.450,68.180,428800.000,-0.013457,68.070,68.290,175242.000,2.000,2.000,69.000,,-0.013457,-0.004,-0.004,-0.002,-0.002,-0.005
59192,2001/08/28,,11,1,6331,17123210,CB,CHUBB CORP,,,,N,A,R,900,1153,1,6331,17123210,,,,,,,,,,,,,,,,,,,,,,,,,67.000,68.180,67.090,755500.000,-0.015987,66.990,67.200,175242.000,2.000,2.000,68.180,,-0.015987,-0.014,-0.014,-0.007,-0.007,-0.015
59192,2001/08/29,,11,1,6331,17123210,CB,CHUBB CORP,,,,N,A,R,900,1153,1,6331,17123210,,,,,,,,,,,,,,,,,,,,,,,,,66.630,67.400,67.200,506900.000,0.001640,67.050,67.310,175242.000,2.000,2.000,66.900,,0.001640,-0.010,-0.010,-0.003,-0.003,-0.011
59192,2001/08/30,,11,1,6331,17123210,CB,CHUBB CORP,,,,N,A,R,900,1153,1,6331,17123210,,,,,,,,,,,,,,,,,,,,,,,,,66.880,67.990,67.500,762200.000,0.004464,67.160,67.610,175242.000,2.000,2.000,67.500,,0.004464,-0.016,-0.016,-0.009,-0.009,-0.017
59192,2001/08/31,,11,1,6331,17123210,CB,CHUBB CORP,,,,N,A,R,900,1153,1,6331,17123210,,,,,,,,0.000,,,,,,,,,,,,,5.000,2.000,7.000,1.000,67.010,67.930,67.500,505900.000,0.000000,67.350,67.610,171693.000,2.000,2.000,67.500,,0.000000,0.004,0.004,0.006,0.006,0.004
59192,2001/09/04,,11,1,6331,17123210,CB,CHUBB CORP,,,,N,A,R,900,1153,1,6331,17123210,,,,,,,,,,,,,,,,,,,,,,,,,66.680,67.750,67.510,896300.000,0.000148,67.350,67.660,171693.000,2.000,2.000,67.450,,0.000148,-0.002,-0.002,-0.006,-0.006,-0.001
59192,2001/09/05,,11,1,6331,17123210,CB,CHUBB CORP,,,,N,A,R,900,1153,1,6331,17123210,,,,,,,,,,,,,,,,,,,,,,,,,66.050,67.200,67.040,544600.000,-0.006962,66.920,67.150,171693.000,2.000,2.000,67.000,,-0.006962,-0.003,-0.003,-0.009,-0.009,-0.001
59192,2001/09/06,,11,1,6331,17123210,CB,CHUBB CORP,,,,N,A,R,900,1153,1,6331,17123210,,,,,,,,,,,,,,,,,,,,,,,,,65.680,67.000,66.300,638600.000,-0.011038,66.090,66.400,171693.000,2.000,2.000,67.000,,-0.011038,-0.021,-0.021,-0.014,-0.014,-0.022
59192,2001/09/07,,11,1,6331,17123210,CB,CHUBB CORP,,,,N,A,R,900,1153,1,6331,17123210,,,,,,,,,,,,,,,,,,,,,,,,,65.010,66.100,65.130,494700.000,-0.017647,65.120,65.180,171693.000,2.000,2.000,66.100,,-0.017647,-0.018,-0.018,-0.012,-0.012,-0.019
59192,2001/09/10,,11,1,6331,17123210,CB,CHUBB CORP,,,,N,A,R,900,1153,1,6331,17123210,,,,,,,,,,,,,,,,,,,,,,,,,64.880,67.230,66.470,569200.000,0.020574,66.300,66.570,171693.000,2.000,2.000,64.980,,0.020574,0.004,0.004,-0.007,-0.007,0.006
59192,2001/09/17,,11,1,6331,17123210,CB,CHUBB CORP,,,,N,A,R,900,1153,1,6331,17123210,,,,,,,,,,,,,,,,,,,,,,,,,59.600,63.600,63.050,2987100.000,-0.051452,63.050,63.060,171693.000,2.000,2.000,60.000,,-0.051452,-0.051,-0.051,-0.042,-0.043,-0.049
59192,2001/09/18,,11,1,6331,17123210,CB,CHUBB CORP,,,,N,A,R,900,1153,1,6331,17123210,,,,,,,,,,,,,,,,,,,,,,,,,61.500,64.800,62.050,1095200.000,-0.015860,62.010,62.230,171693.000,2.000,2.000,64.800,,-0.015860,-0.008,-0.008,-0.010,-0.010,-0.006
59192,2001/09/19,,11,1,6331,17123210,CB,CHUBB CORP,,,,N,A,R,900,1153,1,6331,17123210,2001/09/07,,,,,2001/10/09,2001/09/21,0.000,,,1232.000,0.340,0.000,0.000,,,,,,,5.000,2.000,7.000,1.000,57.600,61.950,60.450,2230800.000,-0.020306,60.340,60.560,171693.000,2.000,2.000,61.930,,-0.025786,-0.017,-0.017,-0.024,-0.024,-0.016
59192,2001/09/20,,11,1,6331,17123210,CB,CHUBB CORP,,,,N,A,R,900,1153,1,6331,17123210,,,,,,,,,,,,,,,,,,,,,,,,,56.850,60.450,58.590,2209600.000,-0.030769,58.190,58.670,171693.000,2.000,2.000,60.450,,-0.030769,-0.031,-0.031,-0.033,-0.033,-0.031
59192,2001/09/21,,11,1,6331,17123210,CB,CHUBB CORP,,,,N,A,R,900,1153,1,6331,17123210,,,,,,,,,,,,,,,,,,,,,,,,,55.540,60.600,59.500,2676700.000,0.015532,59.400,59.610,171693.000,2.000,2.000,56.650,,0.015532,-0.019,-0.019,-0.020,-0.020,-0.019
59192,2001/09/24,,11,1,6331,17123210,CB,CHUBB CORP,,,,N,A,R,900,1153,1,6331,17123210,,,,,,,,,,,,,,,,,,,,,,,,,62.110,64.920,64.000,2407600.000,0.075630,63.900,64.110,171693.000,2.000,2.000,62.450,,0.075630,0.038,0.038,0.033,0.033,0.039
59192,2001/09/25,,11,1,6331,17123210,CB,CHUBB CORP,,,,N,A,R,900,1153,1,6331,17123210,,,,,,,,,,,,,,,,,,,,,,,,,63.500,66.890,66.770,1868300.000,0.043281,66.380,67.170,171693.000,2.000,2.000,63.650,,0.043281,0.008,0.008,0.004,0.004,0.009
59192,2001/09/26,,11,1,6331,17123210,CB,CHUBB CORP,,,,N,A,R,900,1153,1,6331,17123210,,,,,,,,,,,,,,,,,,,,,,,,,66.350,69.650,68.510,2735400.000,0.026060,68.370,68.660,171693.000,2.000,2.000,66.780,,0.026060,-0.006,-0.006,-0.010,-0.010,-0.005
59192,2001/09/27,,11,1,6331,17123210,CB,CHUBB CORP,,,,N,A,R,900,1153,1,6331,17123210,,,,,,,,,,,,,,,,,,,,,,,,,68.110,70.330,69.980,1530600.000,0.021457,69.880,70.100,171693.000,2.000,2.000,68.510,,0.021457,0.011,0.011,-0.001,-0.001,0.011
59192,2001/09/28,,11,1,6331,17123210,CB,CHUBB CORP,,,,N,A,R,900,1153,1,6331,17123210,,,,,,,,0.000,,,,,,,,,,,,,5.000,2.000,7.000,1.000,70.200,71.750,71.410,1731000.000,0.020434,71.300,71.510,171693.000,2.000,2.000,70.500,,0.020434,0.023,0.023,0.025,0.025,0.022
59192,2001/10/01,,11,1,6331,17123210,CB,CHUBB CORP,,,,N,A,R,900,1153,1,6331,17123210,,,,,,,,,,,,,,,,,,,,,,,,,70.010,71.950,70.400,1641000.000,-0.014144,70.260,70.510,171693.000,2.000,2.000,71.920,,-0.014144,-0.004,-0.004,-0.010,-0.010,-0.002
59192,2001/10/02,,11,1,6331,17123210,CB,CHUBB CORP,,,,N,A,R,900,1153,1,6331,17123210,,,,,,,,,,,,,,,,,,,,,,,,,70.010,72.810,72.550,1201100.000,0.030540,72.400,72.700,171693.000,2.000,2.000,70.250,,0.030540,0.012,0.012,0.007,0.007,0.012
59192,2001/10/03,,11,1,6331,17123210,CB,CHUBB CORP,,,,N,A,R,900,1153,1,6331,17123210,,,,,,,,,,,,,,,,,,,,,,,,,72.350,77.500,76.920,3056800.000,0.060234,76.810,77.030,171693.000,2.000,2.000,72.480,,0.060234,0.022,0.022,0.021,0.021,0.020
59192,2001/10/04,,11,1,6331,17123210,CB,CHUBB CORP,,,,N,A,R,900,1153,1,6331,17123210,,,,,,,,,,,,,,,,,,,,,,,,,75.080,76.920,75.350,1935300.000,-0.020411,75.200,75.460,171693.000,2.000,2.000,76.920,,-0.020411,-0.000,-0.000,0.011,0.011,-0.002
59192,2001/10/05,,11,1,6331,17123210,CB,CHUBB CORP,,,,N,A,R,900,1153,1,6331,17123210,,,,,,,,,,,,,,,,,,,,,,,,,74.080,75.860,75.050,1657300.000,-0.003981,74.910,75.160,171693.000,2.000,2.000,75.000,,-0.003981,0.000,0.000,0.001,0.000,0.002
59192,2001/10/08,,11,1,6331,17123210,CB,CHUBB CORP,,,,N,A,R,900,1153,1,6331,17123210,,,,,,,,,,,,,,,,,,,,,,,,,73.200,75.060,73.200,1492400.000,-0.024650,73.090,73.310,171693.000,2.000,2.000,74.000,,-0.024650,-0.008,-0.008,-0.002,-0.002,-0.008
59192,2001/10/09,,11,1,6331,17123210,CB,CHUBB CORP,,,,N,A,R,900,1153,1,6331,17123210,,,,,,,,,,,,,,,,,,,,,,,,,73.200,75.660,75.050,1626100.000,0.025273,74.890,75.160,171693.000,2.000,2.000,73.250,,0.025273,-0.005,-0.005,-0.004,-0.004,-0.005
59192,2001/10/10,,11,1,6331,17123210,CB,CHUBB CORP,,,,N,A,R,900,1153,1,6331,17123210,,,,,,,,,,,,,,,,,,,,,,,,,74.160,76.290,74.800,1476800.000,-0.003331,74.650,74.900,171693.000,2.000,2.000,75.800,,-0.003331,0.023,0.023,0.019,0.019,0.023
59192,2001/10/11,,11,1,6331,17123210,CB,CHUBB CORP,,,,N,A,R,900,1153,1,6331,17123210,,,,,,,,,,,,,,,,,,,,,,,,,74.000,77.750,77.110,2688400.000,0.030882,76.960,77.220,171693.000,2.000,2.000,74.000,,0.030882,0.017,0.017,0.019,0.019,0.015
59192,2001/10/12,,11,1,6331,17123210,CB,CHUBB CORP,,,,N,A,R,900,1153,1,6331,17123210,,,,,,,,,,,,,,,,,,,,,,,,,75.800,77.490,76.590,1139400.000,-0.006744,76.450,76.690,171693.000,2.000,2.000,76.550,,-0.006744,-0.005,-0.005,0.000,0.000,-0.005
59192,2001/10/15,,11,1,6331,17123210,CB,CHUBB CORP,,,,N,A,R,900,1153,1,6331,17123210,,,,,,,,,,,,,,,,,,,,,,,,,76.020,77.350,76.710,740500.000,0.001567,76.600,76.850,171693.000,2.000,2.000,76.500,,0.001567,-0.001,-0.001,0.003,0.003,-0.002
59192,2001/10/16,,11,1,6331,17123210,CB,CHUBB CORP,,,,N,A,R,900,1153,1,6331,17123210,,,,,,,,,,,,,,,,,,,,,,,,,76.400,77.950,77.660,1015700.000,0.012384,77.520,77.760,171693.000,2.000,2.000,76.500,,0.012384,0.008,0.008,0.011,0.011,0.007
59192,2001/10/17,,11,1,6331,17123210,CB,CHUBB CORP,,,,N,A,R,900,1153,1,6331,17123210,,,,,,,,,,,,,,,,,,,,,,,,,76.270,77.900,77.000,1071700.000,-0.008499,76.880,77.110,171693.000,2.000,2.000,77.900,,-0.008499,-0.019,-0.019,-0.006,-0.006,-0.019
59192,2001/10/18,,11,1,6331,17123210,CB,CHUBB CORP,,,,N,A,R,900,1153,1,6331,17123210,,,,,,,,,,,,,,,,,,,,,,,,,73.650,77.200,73.710,1505500.000,-0.042727,73.670,73.880,171693.000,2.000,2.000,76.700,,-0.042727,-0.007,-0.007,-0.005,-0.005,-0.008
59192,2001/10/19,,11,1,6331,17123210,CB,CHUBB CORP,,,,N,A,R,900,1153,1,6331,17123210,,,,,,,,,,,,,,,,,,,,,,,,,72.750,73.900,73.300,1314800.000,-0.005562,73.150,73.400,171693.000,2.000,2.000,73.710,,-0.005562,0.005,0.005,0.005,0.005,0.005
59192,2001/10/22,,11,1,6331,17123210,CB,CHUBB CORP,,,,N,A,R,900,1153,1,6331,17123210,,,,,,,,,,,,,,,,,,,,,,,,,73.650,77.120,77.060,991400.000,0.051296,76.930,77.180,171693.000,2.000,2.000,73.750,,0.051296,0.015,0.015,0.008,0.008,0.015
59192,2001/10/23,,11,1,6331,17123210,CB,CHUBB CORP,,,,N,A,R,900,1153,1,6331,17123210,,,,,,,,,,,,,,,,,,,,,,,,,75.370,76.630,75.750,1048400.000,-0.017000,75.630,75.860,171693.000,2.000,2.000,76.400,,-0.017000,-0.004,-0.004,0.000,0.000,-0.005
59192,2001/10/24,,11,1,6331,17123210,CB,CHUBB CORP,,,,N,A,R,900,1153,1,6331,17123210,,,,,,,,,,,,,,,,,,,,,,,,,74.200,75.580,74.900,870600.000,-0.011221,74.790,75.010,171693.000,2.000,2.000,75.250,,-0.011221,0.001,0.001,0.004,0.004,0.000
59192,2001/10/25,,11,1,6331,17123210,CB,CHUBB CORP,,,,N,A,R,900,1153,1,6331,17123210,,,,,,,,,,,,,,,,,,,,,,,,,73.500,75.120,74.980,974500.000,0.001068,74.840,75.090,171693.000,2.000,2.000,73.800,,0.001068,0.014,0.014,0.011,0.011,0.014
59192,2001/10/26,,11,1,6331,17123210,CB,CHUBB CORP,,,,N,A,R,900,1153,1,6331,17123210,,,,,,,,,,,,,,,,,,,,,,,,,74.000,75.860,75.580,597900.000,0.008002,75.450,75.690,171693.000,2.000,2.000,75.000,,0.008002,0.004,0.004,0.007,0.007,0.004
59192,2001/10/29,,11,1,6331,17123210,CB,CHUBB CORP,,,,N,A,R,900,1153,1,6331,17123210,,,,,,,,,,,,,,,,,,,,,,,,,73.150,75.000,73.150,1036300.000,-0.032151,73.080,73.260,171693.000,2.000,2.000,74.760,,-0.032151,-0.023,-0.023,-0.009,-0.009,-0.024
59192,2001/10/30,,11,1,6331,17123210,CB,CHUBB CORP,,,,N,A,R,900,1153,1,6331,17123210,,,,,,,,,,,,,,,,,,,,,,,,,71.110,72.340,71.510,1303600.000,-0.022420,71.400,71.610,171693.000,2.000,2.000,71.600,,-0.022420,-0.017,-0.017,-0.011,-0.012,-0.017
59192,2001/10/31,,11,1,6331,17123210,CB,CHUBB CORP,,,,N,A,R,900,1153,1,6331,17123210,,,,,,,,0.000,,,,,,,,,,,,,5.000,2.000,7.000,1.000,68.300,71.450,68.300,2030300.000,-0.044889,68.200,68.560,171693.000,2.000,2.000,71.000,,-0.044889,0.002,0.002,0.011,0.011,-0.000
59192,2001/11/01,,11,1,6331,17123210,CB,CHUBB CORP,,,,N,A,R,900,1153,1,6331,17123210,,,,,,,,,,,,,,,,,,,,,,,,,67.621,69.600,69.390,2586000.000,0.015959,69.210,69.490,171693.000,2.000,2.000,68.300,,0.015959,0.021,0.021,0.009,0.009,0.023
59192,2001/11/02,,11,1,6331,17123210,CB,CHUBB CORP,,,,N,A,R,900,1153,1,6331,17123210,,,,,,,,,,,,,,,,,,,,,,,,,69.300,72.700,72.520,1148800.000,0.045107,72.410,72.630,171693.000,2.000,2.000,69.390,,0.045107,0.002,0.002,-0.001,-0.001,0.003
59192,2001/11/05,,11,1,6331,17123210,CB,CHUBB CORP,,,,N,A,R,900,1153,1,6331,17123210,,,,,,,,,,,,,,,,,,,,,,,,,71.500,73.740,73.130,1152800.000,0.008411,72.970,73.240,171693.000,2.000,2.000,71.600,,0.008411,0.014,0.014,0.008,0.008,0.014
59192,2001/11/06,,11,1,6331,17123210,CB,CHUBB CORP,,,,N,A,R,900,1153,1,6331,17123210,,,,,,,,,,,,,,,,,,,,,,,,,72.150,73.750,73.600,1100200.000,0.006427,73.390,73.710,171693.000,2.000,2.000,72.900,,0.006427,0.014,0.014,0.007,0.007,0.015
59192,2001/11/07,,11,1,6331,17123210,CB,CHUBB CORP,,,,N,A,R,900,1153,1,6331,17123210,,,,,,,,,,,,,,,,,,,,,,,,,71.820,73.190,72.550,1130900.000,-0.014266,72.440,72.660,171693.000,2.000,2.000,72.850,,-0.014266,-0.002,-0.002,0.001,0.001,-0.003
59192,2001/11/08,,11,1,6331,17123210,CB,CHUBB CORP,,,,N,A,R,900,1153,1,6331,17123210,,,,,,,,,,,,,,,,,,,,,,,,,71.700,72.950,72.350,873700.000,-0.002757,72.120,72.620,171693.000,2.000,2.000,72.670,,-0.002757,0.001,0.001,0.003,0.003,0.002
59192,2001/11/09,,11,1,6331,17123210,CB,CHUBB CORP,,,,N,A,R,900,1153,1,6331,17123210,,,,,,,,,,,,,,,,,,,,,,,,,67.750,70.820,68.600,2487500.000,-0.051831,68.400,68.710,171693.000,2.000,2.000,70.750,,-0.051831,0.001,0.001,0.003,0.003,0.002
59192,2001/11/12,,11,1,6331,17123210,CB,CHUBB CORP,,,,N,A,R,900,1153,1,6331,17123210,,,,,,,,,,,,,,,,,,,,,,,,,65.460,69.100,69.040,1723500.000,0.006414,68.900,69.150,171693.000,2.000,2.000,67.800,,0.006414,-0.001,-0.001,0.001,0.001,-0.002
59192,2001/11/13,,11,1,6331,17123210,CB,CHUBB CORP,,,,N,A,R,900,1153,1,6331,17123210,,,,,,,,,,,,,,,,,,,,,,,,,69.410,70.690,69.920,794600.000,0.012746,69.810,70.030,171693.000,2.000,2.000,69.800,,0.012746,0.019,0.018,0.014,0.014,0.019
59192,2001/11/14,,11,1,6331,17123210,CB,CHUBB CORP,,,,N,A,R,900,1153,1,6331,17123210,,,,,,,,,,,,,,,,,,,,,,,,,69.000,70.820,70.320,865100.000,0.005721,70.160,70.480,171693.000,2.000,2.000,70.300,,0.005721,0.003,0.003,0.008,0.007,0.002
59192,2001/11/15,,11,1,6331,17123210,CB,CHUBB CORP,,,,N,A,R,900,1153,1,6331,17123210,,,,,,,,,,,,,,,,,,,,,,,,,69.550,71.000,69.860,593000.000,-0.006542,69.750,69.970,171693.000,2.000,2.000,69.800,,-0.006542,0.000,0.000,0.000,0.000,0.001
59192,2001/11/16,,11,1,6331,17123210,CB,CHUBB CORP,,,,N,A,R,900,1153,1,6331,17123210,,,,,,,,,,,,,,,,,,,,,,,,,69.510,70.500,70.170,423400.000,0.004437,70.070,70.280,171693.000,2.000,2.000,69.990,,0.004437,-0.002,-0.002,0.006,0.006,-0.003
59192,2001/11/19,,11,1,6331,17123210,CB,CHUBB CORP,,,,N,A,R,900,1153,1,6331,17123210,,,,,,,,,,,,,,,,,,,,,,,,,69.100,70.730,69.950,995900.000,-0.003135,69.830,70.050,171693.000,2.000,2.000,70.180,,-0.003135,0.012,0.012,0.012,0.012,0.011
59192,2001/11/20,,11,1,6331,17123210,CB,CHUBB CORP,,,,N,A,R,900,1153,1,6331,17123210,,,,,,,,,,,,,,,,,,,,,,,,,68.500,69.470,69.250,762700.000,-0.010007,69.120,69.430,171693.000,2.000,2.000,69.010,,-0.010007,-0.008,-0.008,-0.005,-0.005,-0.007
59192,2001/11/21,,11,1,6331,17123210,CB,CHUBB CORP,,,,N,A,R,900,1153,1,6331,17123210,,,,,,,,,,,,,,,,,,,,,,,,,67.800,69.150,68.440,674400.000,-0.011697,68.240,68.590,171693.000,2.000,2.000,68.600,,-0.011697,-0.004,-0.005,0.000,0.000,-0.005
59192,2001/11/23,,11,1,6331,17123210,CB,CHUBB CORP,,,,N,A,R,900,1153,1,6331,17123210,,,,,,,,,,,,,,,,,,,,,,,,,67.440,68.980,68.910,450900.000,0.006867,68.880,68.920,171693.000,2.000,2.000,67.440,,0.006867,0.012,0.012,0.010,0.010,0.012
59192,2001/11/26,,11,1,6331,17123210,CB,CHUBB CORP,,,,N,A,R,900,1153,1,6331,17123210,,,,,,,,,,,,,,,,,,,,,,,,,67.260,68.760,68.420,1114900.000,-0.007111,68.320,68.560,171693.000,2.000,2.000,68.750,,-0.007111,0.007,0.007,0.006,0.006,0.006
59192,2001/11/27,,11,1,6331,17123210,CB,CHUBB CORP,,,,N,A,R,900,1153,1,6331,17123210,,,,,,,,,,,,,,,,,,,,,,,,,68.000,70.780,70.270,1048000.000,0.027039,70.150,70.370,171693.000,2.000,2.000,68.370,,0.027039,-0.005,-0.005,0.002,0.002,-0.007
59192,2001/11/28,,11,1,6331,17123210,CB,CHUBB CORP,,,,N,A,R,900,1153,1,6331,17123210,,,,,,,,,,,,,,,,,,,,,,,,,69.400,70.800,69.570,834400.000,-0.009962,69.460,69.680,171693.000,2.000,2.000,70.210,,-0.009962,-0.017,-0.018,-0.010,-0.010,-0.018
59192,2001/11/29,,11,1,6331,17123210,CB,CHUBB CORP,,,,N,A,R,900,1153,1,6331,17123210,,,,,,,,,,,,,,,,,,,,,,,,,69.150,71.750,71.670,787600.000,0.030185,71.530,71.770,171693.000,2.000,2.000,69.850,,0.030185,0.011,0.011,0.009,0.009,0.010
59192,2001/11/30,,11,1,6331,17123210,CB,CHUBB CORP,,,,N,A,R,900,1153,1,6331,17123210,,,,,,,,0.000,,,,,,,,,,,,,5.000,2.000,7.000,1.000,69.750,71.200,70.060,1252700.000,-0.022464,69.960,70.170,169791.000,2.000,2.000,71.100,,-0.022464,-0.001,-0.001,0.001,0.001,-0.001
59192,2001/12/03,,11,1,6331,17123210,CB,CHUBB CORP,,,,N,A,R,900,1153,1,6331,17123210,,,,,,,,,,,,,,,,,,,,,,,,,68.680,69.750,68.910,1335400.000,-0.016414,68.780,69.010,169791.000,2.000,2.000,69.450,,-0.016414,-0.008,-0.008,-0.007,-0.007,-0.008
59192,2001/12/04,,11,1,6331,17123210,CB,CHUBB CORP,,,,N,A,R,900,1153,1,6331,17123210,,,,,,,,,,,,,,,,,,,,,,,,,67.720,68.910,68.440,1272400.000,-0.006821,68.330,68.550,169791.000,2.000,2.000,68.910,,-0.006821,0.015,0.015,0.012,0.012,0.013
59192,2001/12/05,,11,1,6331,17123210,CB,CHUBB CORP,,,,N,A,R,900,1153,1,6331,17123210,,,,,,,,,,,,,,,,,,,,,,,,,68.050,68.900,68.500,1823600.000,0.000877,68.350,68.610,169791.000,2.000,2.000,68.400,,0.000877,0.023,0.023,0.017,0.017,0.022
59192,2001/12/06,,11,1,6331,17123210,CB,CHUBB CORP,,,,N,A,R,900,1153,1,6331,17123210,,,,,,,,,,,,,,,,,,,,,,,,,65.500,67.390,66.550,3058800.000,-0.028467,66.440,66.650,169791.000,2.000,2.000,66.800,,-0.028467,-0.001,-0.001,0.006,0.006,-0.003
59192,2001/12/07,,11,1,6331,17123210,CB,CHUBB CORP,,,,N,A,R,900,1153,1,6331,17123210,,,,,,,,,,,,,,,,,,,,,,,,,66.170,67.720,67.710,1701500.000,0.017430,67.670,67.820,169791.000,2.000,2.000,66.800,,0.017430,-0.007,-0.007,0.002,0.002,-0.008
59192,2001/12/10,,11,1,6331,17123210,CB,CHUBB CORP,,,,N,A,R,900,1153,1,6331,17123210,,,,,,,,,,,,,,,,,,,,,,,,,65.750,68.150,66.110,1072500.000,-0.023630,66.010,66.250,169791.000,2.000,2.000,67.900,,-0.023630,-0.015,-0.015,-0.007,-0.007,-0.016
59192,2001/12/11,,11,1,6331,17123210,CB,CHUBB CORP,,,,N,A,R,900,1153,1,6331,17123210,,,,,,,,,,,,,,,,,,,,,,,,,65.220,66.500,66.020,1386500.000,-0.001361,65.920,66.180,169791.000,2.000,2.000,66.210,,-0.001361,-0.002,-0.002,0.003,0.003,-0.003
59192,2001/12/12,,11,1,6331,17123210,CB,CHUBB CORP,,,,N,A,R,900,1153,1,6331,17123210,,,,,,,,,,,,,,,,,,,,,,,,,65.440,66.650,66.150,763300.000,0.001969,66.040,66.260,169791.000,2.000,2.000,66.030,,0.001969,0.001,0.000,0.002,0.002,0.000
59192,2001/12/13,,11,1,6331,17123210,CB,CHUBB CORP,,,,N,A,R,900,1153,1,6331,17123210,,,,,,,,,,,,,,,,,,,,,,,,,63.400,66.500,66.270,2302100.000,0.001814,65.920,66.580,169791.000,2.000,2.000,65.400,,0.001814,-0.015,-0.015,-0.008,-0.008,-0.016
59192,2001/12/14,,11,1,6331,17123210,CB,CHUBB CORP,,,,N,A,R,900,1153,1,6331,17123210,,,,,,,,,,,,,,,,,,,,,,,,,66.250,68.010,67.450,1660400.000,0.017806,67.090,67.840,169791.000,2.000,2.000,66.700,,0.017806,0.003,0.003,0.002,0.002,0.003
59192,2001/12/17,,11,1,6331,17123210,CB,CHUBB CORP,,,,N,A,R,900,1153,1,6331,17123210,,,,,,,,,,,,,,,,,,,,,,,,,66.500,67.390,66.850,933500.000,-0.008895,66.500,67.300,169791.000,2.000,2.000,67.350,,-0.008895,0.010,0.010,0.005,0.005,0.010
59192,2001/12/18,,11,1,6331,17123210,CB,CHUBB CORP,,,,N,A,R,900,1153,1,6331,17123210,,,,,,,,,,,,,,,,,,,,,,,,,66.010,67.250,66.950,1052700.000,0.001496,66.570,67.330,169791.000,2.000,2.000,66.300,,0.001496,0.008,0.008,0.007,0.007,0.008
59192,2001/12/19,,11,1,6331,17123210,CB,CHUBB CORP,,,,N,A,R,900,1153,1,6331,17123210,2001/12/07,,,,,2002/01/08,2001/12/21,0.000,,,1232.000,0.340,0.000,0.000,,,,,,,5.000,2.000,7.000,1.000,65.600,66.990,66.490,1262300.000,-0.001792,66.020,66.860,169791.000,2.000,2.000,66.610,,-0.006871,0.004,0.004,-0.003,-0.003,0.006
59192,2001/12/20,,11,1,6331,17123210,CB,CHUBB CORP,,,,N,A,R,900,1153,1,6331,17123210,,,,,,,,,,,,,,,,,,,,,,,,,66.260,67.190,66.700,652300.000,0.003158,66.240,67.050,169791.000,2.000,2.000,66.500,,0.003158,-0.009,-0.009,-0.009,-0.009,-0.008
59192,2001/12/21,,11,1,6331,17123210,CB,CHUBB CORP,,,,N,A,R,900,1153,1,6331,17123210,,,,,,,,,,,,,,,,,,,,,,,,,66.500,67.200,67.000,1563100.000,0.004498,66.620,67.360,169791.000,2.000,2.000,66.700,,0.004498,0.006,0.006,0.010,0.010,0.004
59192,2001/12/24,,11,1,6331,17123210,CB,CHUBB CORP,,,,N,A,R,900,1153,1,6331,17123210,,,,,,,,,,,,,,,,,,,,,,,,,66.490,67.020,66.750,397500.000,-0.003731,66.320,67.130,169791.000,2.000,2.000,66.500,,-0.003731,0.000,0.000,0.004,0.004,-0.000
59192,2001/12/26,,11,1,6331,17123210,CB,CHUBB CORP,,,,N,A,R,900,1153,1,6331,17123210,,,,,,,,,,,,,,,,,,,,,,,,,66.730,67.830,67.350,443900.000,0.008989,66.930,67.780,169791.000,2.000,2.000,67.000,,0.008989,0.005,0.005,0.007,0.007,0.004
59192,2001/12/27,,11,1,6331,17123210,CB,CHUBB CORP,,,,N,A,R,900,1153,1,6331,17123210,,,,,,,,,,,,,,,,,,,,,,,,,66.900,68.110,68.110,552500.000,0.011284,67.640,68.410,169791.000,2.000,2.000,67.300,,0.011284,0.007,0.007,0.008,0.008,0.007
59192,2001/12/28,,11,1,6331,17123210,CB,CHUBB CORP,,,,N,A,R,900,1153,1,6331,17123210,,,,,,,,,,,,,,,,,,,,,,,,,67.860,68.520,68.320,437200.000,0.003083,67.920,68.670,169791.000,2.000,2.000,68.210,,0.003083,0.004,0.004,0.009,0.009,0.003
59192,2001/12/31,,11,1,6331,17123210,CB,CHUBB CORP,,,,N,A,R,900,1153,1,6331,17123210,,,,,,,,0.000,,,,,,,,,,,,,5.000,2.000,7.000,1.000,68.210,69.210,69.000,1082800.000,0.009953,68.520,69.170,169792.000,2.000,2.000,68.320,,0.009953,-0.010,-0.010,0.007,0.007,-0.011
59192,2002/01/02,2004/06/09,11,1,6331,17123210,CB,CHUBB CORP,,CB,,N,A,R,900,1153,1,6331,17123210,,,,,,,,2.000,63.000,633.000,,,,,,,,,,,5.000,2.000,7.000,1.000,67.600,69.250,68.530,769100.000,-0.006812,68.170,68.910,169792.000,2.000,2.000,69.250,,-0.006812,0.004,0.004,0.008,0.008,0.006
59192,2002/01/03,,11,1,6331,17123210,CB,CHUBB CORP,,CB,,N,A,R,900,1153,1,6331,17123210,,,,,,,,,63.000,633.000,,,,,,,,,,,,,,,67.810,69.180,68.890,1907900.000,0.005253,68.450,69.240,169792.000,2.000,2.000,68.540,,0.005253,0.010,0.010,0.013,0.013,0.009
59192,2002/01/04,,11,1,6331,17123210,CB,CHUBB CORP,,CB,,N,A,R,900,1153,1,6331,17123210,,,,,,,,,63.000,633.000,,,,,,,,,,,,,,,67.900,69.000,68.100,1298000.000,-0.011468,67.770,68.200,169792.000,2.000,2.000,69.000,,-0.011468,0.007,0.007,0.011,0.011,0.006
59192,2002/01/07,,11,1,6331,17123210,CB,CHUBB CORP,,CB,,N,A,R,900,1153,1,6331,17123210,,,,,,,,,63.000,633.000,,,,,,,,,,,,,,,67.350,68.600,67.510,682800.000,-0.008664,67.170,67.880,169792.000,2.000,2.000,68.600,,-0.008664,-0.007,-0.007,-0.000,-0.000,-0.006
59192,2002/01/08,,11,1,6331,17123210,CB,CHUBB CORP,,CB,,N,A,R,900,1153,1,6331,17123210,,,,,,,,,63.000,633.000,,,,,,,,,,,,,,,66.400,67.750,66.800,1256400.000,-0.010517,66.520,67.160,169792.000,2.000,2.000,67.410,,-0.010517,-0.002,-0.003,0.005,0.005,-0.004
59192,2002/01/09,,11,1,6331,17123210,CB,CHUBB CORP,,CB,,N,A,R,900,1153,1,6331,17123210,,,,,,,,,63.000,633.000,,,,,,,,,,,,,,,67.050,68.400,67.450,924400.000,0.009730,67.070,67.810,169792.000,2.000,2.000,67.050,,0.009730,-0.004,-0.004,0.001,0.001,-0.005
59192,2002/01/10,,11,1,6331,17123210,CB,CHUBB CORP,,CB,,N,A,R,900,1153,1,6331,17123210,,,,,,,,,63.000,633.000,,,,,,,,,,,,,,,66.700,67.250,67.000,1235600.000,-0.006672,66.680,67.520,169792.000,2.000,2.000,67.250,,-0.006672,0.001,0.001,0.000,0.000,0.001
59192,2002/01/11,,11,1,6331,17123210,CB,CHUBB CORP,,CB,,N,A,R,900,1153,1,6331,17123210,,,,,,,,,63.000,633.000,,,,,,,,,,,,,,,66.500,67.340,66.670,1109700.000,-0.004925,66.240,67.020,169792.000,2.000,2.000,67.100,,-0.004925,-0.009,-0.009,-0.004,-0.004,-0.009
59192,2002/01/14,,11,1,6331,17123210,CB,CHUBB CORP,,CB,,N,A,R,900,1153,1,6331,17123210,,,,,,,,,63.000,633.000,,,,,,,,,,,,,,,65.720,66.700,65.890,737600.000,-0.011699,65.570,66.310,169792.000,2.000,2.000,66.670,,-0.011699,-0.008,-0.008,-0.010,-0.010,-0.006
59192,2002/01/15,,11,1,6331,17123210,CB,CHUBB CORP,,CB,,N,A,R,900,1153,1,6331,17123210,,,,,,,,,63.000,633.000,,,,,,,,,,,,,,,66.000,67.960,67.500,1218100.000,0.024435,67.490,67.520,169792.000,2.000,2.000,66.000,,0.024435,0.006,0.006,0.001,0.001,0.007
59192,2002/01/16,,11,1,6331,17123210,CB,CHUBB CORP,,CB,,N,A,R,900,1153,1,6331,17123210,,,,,,,,,63.000,633.000,,,,,,,,,,,,,,,65.800,67.760,66.060,1369400.000,-0.021333,65.680,66.420,169792.000,2.000,2.000,67.400,,-0.021333,-0.016,-0.016,-0.011,-0.011,-0.016
59192,2002/01/17,,11,1,6331,17123210,CB,CHUBB CORP,,CB,,N,A,R,900,1153,1,6331,17123210,,,,,,,,,63.000,633.000,,,,,,,,,,,,,,,66.065,66.840,66.630,859400.000,0.008629,66.240,67.000,169792.000,2.000,2.000,66.300,,0.008629,0.010,0.010,0.007,0.007,0.010
59192,2002/01/18,,11,1,6331,17123210,CB,CHUBB CORP,,CB,,N,A,R,900,1153,1,6331,17123210,,,,,,,,,63.000,633.000,,,,,,,,,,,,,,,66.310,67.190,66.700,763300.000,0.001051,66.700,66.710,169792.000,2.000,2.000,66.600,,0.001051,-0.010,-0.010,-0.006,-0.006,-0.010
59192,2002/01/22,,11,1,6331,17123210,CB,CHUBB CORP,,CB,,N,A,R,900,1153,1,6331,17123210,,,,,,,,,63.000,633.000,,,,,,,,,,,,,,,66.800,67.350,66.800,1044700.000,0.001499,66.460,67.280,169792.000,2.000,2.000,67.000,,0.001499,-0.008,-0.008,-0.008,-0.008,-0.007
59192,2002/01/23,,11,1,6331,17123210,CB,CHUBB CORP,,CB,,N,A,R,900,1153,1,6331,17123210,,,,,,,,,63.000,633.000,,,,,,,,,,,,,,,65.200,67.100,65.200,913700.000,-0.023952,65.550,65.590,169792.000,2.000,2.000,67.050,,-0.023952,0.009,0.009,0.008,0.008,0.008
59192,2002/01/24,,11,1,6331,17123210,CB,CHUBB CORP,,CB,,N,A,R,900,1153,1,6331,17123210,,,,,,,,,63.000,633.000,,,,,,,,,,,,,,,65.220,67.120,66.990,846600.000,0.027454,66.470,67.350,169792.000,2.000,2.000,65.300,,0.027454,0.004,0.004,0.006,0.006,0.004
59192,2002/01/25,,11,1,6331,17123210,CB,CHUBB CORP,,CB,,N,A,R,900,1153,1,6331,17123210,,,,,,,,,63.000,633.000,,,,,,,,,,,,,,,67.400,70.100,69.950,1176800.000,0.044186,69.480,70.000,169792.000,2.000,2.000,67.460,,0.044186,0.001,0.001,0.000,0.000,0.001
59192,2002/01/28,,11,1,6331,17123210,CB,CHUBB CORP,,CB,,N,A,R,900,1153,1,6331,17123210,,,,,,,,,63.000,633.000,,,,,,,,,,,,,,,68.350,69.960,68.450,798200.000,-0.021444,68.130,68.960,169792.000,2.000,2.000,69.400,,-0.021444,0.000,0.000,0.000,0.000,-0.000
59192,2002/01/29,,11,1,6331,17123210,CB,CHUBB CORP,,CB,,N,A,R,900,1153,1,6331,17123210,,,,,,,,,63.000,633.000,,,,,,,,,,,,,,,66.200,69.000,66.250,960300.000,-0.032140,65.950,66.760,169792.000,2.000,2.000,68.390,,-0.032140,-0.025,-0.025,-0.011,-0.012,-0.029
59192,2002/01/30,,11,1,6331,17123210,CB,CHUBB CORP,,CB,,N,A,R,900,1153,1,6331,17123210,,,,,,,,,63.000,633.000,,,,,,,,,,,,,,,63.800,66.500,66.200,1624300.000,-0.000755,66.050,66.830,169792.000,2.000,2.000,66.050,,-0.000755,0.010,0.010,0.004,0.004,0.012
59192,2002/01/31,,11,1,6331,17123210,CB,CHUBB CORP,,CB,,N,A,R,900,1153,1,6331,17123210,,,,,,,,0.000,63.000,633.000,,,,,,,,,,,5.000,2.000,7.000,1.000,65.710,66.960,66.850,1245000.000,0.009819,66.430,67.210,169793.000,2.000,2.000,66.450,,0.009819,0.013,0.013,0.010,0.009,0.015
59192,2002/02/01,,11,1,6331,17123210,CB,CHUBB CORP,,CB,,N,A,R,900,1153,1,6331,17123210,,,,,,,,,63.000,633.000,,,,,,,,,,,,,,,67.010,68.250,68.120,646100.000,0.018998,67.680,68.420,169793.000,2.000,2.000,67.100,,0.018998,-0.006,-0.006,-0.002,-0.002,-0.007
59192,2002/02/04,,11,1,6331,17123210,CB,CHUBB CORP,,CB,,N,A,R,900,1153,1,6331,17123210,,,,,,,,,63.000,633.000,,,,,,,,,,,,,,,66.300,67.950,67.150,596500.000,-0.014240,66.820,67.510,169793.000,2.000,2.000,67.920,,-0.014240,-0.024,-0.024,-0.016,-0.016,-0.025
59192,2002/02/05,,11,1,6331,17123210,CB,CHUBB CORP,,CB,,N,A,R,900,1153,1,6331,17123210,,,,,,,,,63.000,633.000,,,,,,,,,,,,,,,66.200,68.000,66.450,675800.000,-0.010424,66.030,66.810,169793.000,2.000,2.000,66.800,,-0.010424,-0.005,-0.005,-0.008,-0.008,-0.004
59192,2002/02/06,,11,1,6331,17123210,CB,CHUBB CORP,,CB,,N,A,R,900,1153,1,6331,17123210,,,,,,,,,63.000,633.000,,,,,,,,,,,,,,,65.600,66.950,66.430,865800.000,-0.000301,65.920,66.670,169793.000,2.000,2.000,66.300,,-0.000301,-0.007,-0.007,-0.010,-0.010,-0.006
59192,2002/02/07,,11,1,6331,17123210,CB,CHUBB CORP,,CB,,N,A,R,900,1153,1,6331,17123210,,,,,,,,,63.000,633.000,,,,,,,,,,,,,,,64.800,69.120,68.720,2179900.000,0.034472,68.300,69.090,169793.000,2.000,2.000,65.500,,0.034472,-0.004,-0.004,-0.006,-0.006,-0.003
59192,2002/02/08,,11,1,6331,17123210,CB,CHUBB CORP,,CB,,N,A,R,900,1153,1,6331,17123210,,,,,,,,,63.000,633.000,,,,,,,,,,,,,,,68.720,70.800,69.970,1252900.000,0.018190,69.550,70.340,169793.000,2.000,2.000,68.720,,0.018190,0.016,0.016,0.012,0.012,0.015
59192,2002/02/11,,11,1,6331,17123210,CB,CHUBB CORP,,CB,,N,A,R,900,1153,1,6331,17123210,,,,,,,,,63.000,633.000,,,,,,,,,,,,,,,69.350,71.980,71.620,1160300.000,0.023582,71.230,72.010,169793.000,2.000,2.000,69.350,,0.023582,0.013,0.013,0.008,0.008,0.014
59192,2002/02/12,,11,1,6331,17123210,CB,CHUBB CORP,,CB,,N,A,R,900,1153,1,6331,17123210,,,,,,,,,63.000,633.000,,,,,,,,,,,,,,,71.400,72.200,71.840,975100.000,0.003072,71.440,72.220,169793.000,2.000,2.000,71.640,,0.003072,-0.003,-0.003,-0.000,-0.000,-0.004
59192,2002/02/13,,11,1,6331,17123210,CB,CHUBB CORP,,CB,,N,A,R,900,1153,1,6331,17123210,,,,,,,,,63.000,633.000,,,,,,,,,,,,,,,72.000,74.500,74.330,997200.000,0.034660,73.910,74.690,169793.000,2.000,2.000,72.000,,0.034660,0.010,0.009,0.006,0.006,0.010
59192,2002/02/14,,11,1,6331,17123210,CB,CHUBB CORP,,CB,,N,A,R,900,1153,1,6331,17123210,,,,,,,,,63.000,633.000,,,,,,,,,,,,,,,73.800,76.120,74.990,1452600.000,0.008879,74.520,75.290,169793.000,2.000,2.000,74.300,,0.008879,-0.002,-0.003,-0.005,-0.005,-0.002
59192,2002/02/15,,11,1,6331,17123210,CB,CHUBB CORP,,CB,,N,A,R,900,1153,1,6331,17123210,,,,,,,,,63.000,633.000,,,,,,,,,,,,,,,73.850,75.100,74.030,891700.000,-0.012802,73.610,74.380,169793.000,2.000,2.000,74.990,,-0.012802,-0.010,-0.010,-0.004,-0.004,-0.011
59192,2002/02/19,,11,1,6331,17123210,CB,CHUBB CORP,,CB,,N,A,R,900,1153,1,6331,17123210,,,,,,,,,63.000,633.000,,,,,,,,,,,,,,,72.060,73.750,72.280,985900.000,-0.023639,71.900,72.680,169793.000,2.000,2.000,73.110,,-0.023639,-0.019,-0.019,-0.015,-0.015,-0.019
59192,2002/02/20,,11,1,6331,17123210,CB,CHUBB CORP,,CB,,N,A,R,900,1153,1,6331,17123210,,,,,,,,,63.000,633.000,,,,,,,,,,,,,,,71.160,73.000,72.890,516100.000,0.008439,72.480,73.260,169793.000,2.000,2.000,72.290,,0.008439,0.013,0.013,0.005,0.005,0.014
59192,2002/02/21,,11,1,6331,17123210,CB,CHUBB CORP,,CB,,N,A,R,900,1153,1,6331,17123210,,,,,,,,,63.000,633.000,,,,,,,,,,,,,,,71.220,72.880,72.140,844700.000,-0.010289,71.730,72.510,169793.000,2.000,2.000,72.000,,-0.010289,-0.015,-0.015,-0.009,-0.009,-0.016
59192,2002/02/22,,11,1,6331,17123210,CB,CHUBB CORP,,CB,,N,A,R,900,1153,1,6331,17123210,,,,,,,,,63.000,633.000,,,,,,,,,,,,,,,71.270,72.250,71.950,797800.000,-0.002634,71.490,72.340,169793.000,2.000,2.000,71.560,,-0.002634,0.007,0.007,0.004,0.004,0.008
59192,2002/02/25,,11,1,6331,17123210,CB,CHUBB CORP,,CB,,N,A,R,900,1153,1,6331,17123210,,,,,,,,,63.000,633.000,,,,,,,,,,,,,,,71.710,73.680,73.600,851200.000,0.022933,73.170,73.950,169793.000,2.000,2.000,71.710,,0.022933,0.016,0.016,0.005,0.005,0.018
59192,2002/02/26,,11,1,6331,17123210,CB,CHUBB CORP,,CB,,N,A,R,900,1153,1,6331,17123210,,,,,,,,,63.000,633.000,,,,,,,,,,,,,,,73.300,74.450,74.430,597900.000,0.011277,73.910,74.690,169793.000,2.000,2.000,73.450,,0.011277,0.001,0.001,0.003,0.003,-0.000
59192,2002/02/27,,11,1,6331,17123210,CB,CHUBB CORP,,CB,,N,A,R,900,1153,1,6331,17123210,,,,,,,,,63.000,633.000,,,,,,,,,,,,,,,74.200,76.620,75.320,866100.000,0.011958,75.050,75.790,169793.000,2.000,2.000,74.260,,0.011958,0.001,0.001,0.003,0.003,0.000
59192,2002/02/28,,11,1,6331,17123210,CB,CHUBB CORP,,CB,,N,A,R,900,1153,1,6331,17123210,,,,,,,,0.000,63.000,633.000,,,,,,,,,,,5.000,2.000,7.000,1.000,74.590,76.000,75.140,868000.000,-0.002390,75.140,75.150,169793.000,2.000,2.000,75.110,,-0.002390,-0.003,-0.003,-0.001,-0.001,-0.003
59192,2002/03/01,,11,1,6331,17123210,CB,CHUBB CORP,,CB,,N,A,R,900,1153,1,6331,17123210,,,,,,,,,63.000,633.000,,,,,,,,,,,,,,,74.140,75.300,74.800,1021200.000,-0.004525,74.410,75.000,169793.000,2.000,2.000,75.150,,-0.004525,0.022,0.022,0.012,0.012,0.023
59192,2002/03/04,,11,1,6331,17123210,CB,CHUBB CORP,,CB,,N,A,R,900,1153,1,6331,17123210,,,,,,,,,63.000,633.000,,,,,,,,,,,,,,,74.190,75.730,74.840,1141600.000,0.000535,74.510,75.270,169793.000,2.000,2.000,74.250,,0.000535,0.020,0.020,0.015,0.015,0.019
59192,2002/03/05,,11,1,6331,17123210,CB,CHUBB CORP,,CB,,N,A,R,900,1153,1,6331,17123210,,,,,,,,,63.000,633.000,,,,,,,,,,,,,,,74.200,75.100,74.440,992400.000,-0.005345,74.070,74.840,169793.000,2.000,2.000,74.640,,-0.005345,-0.005,-0.005,0.003,0.003,-0.007
59192,2002/03/06,,11,1,6331,17123210,CB,CHUBB CORP,,CB,,N,A,R,900,1153,1,6331,17123210,,,,,,,,,63.000,633.000,,,,,,,,,,,,,,,73.690,74.950,74.590,714200.000,0.002015,74.100,74.180,169793.000,2.000,2.000,74.500,,0.002015,0.014,0.014,0.013,0.012,0.015
59192,2002/03/07,,11,1,6331,17123210,CB,CHUBB CORP,,CB,,N,A,R,900,1153,1,6331,17123210,,,,,,,,,63.000,633.000,,,,,,,,,,,,,,,72.300,75.050,73.990,1524600.000,-0.008044,73.580,74.360,169793.000,2.000,2.000,74.950,,-0.008044,-0.004,-0.004,0.004,0.004,-0.004
59192,2002/03/08,,11,1,6331,17123210,CB,CHUBB CORP,,CB,,N,A,R,900,1153,1,6331,17123210,,,,,,,,,63.000,633.000,,,,,,,,,,,,,,,72.900,74.000,73.480,1142700.000,-0.006893,73.060,73.790,169793.000,2.000,2.000,74.000,,-0.006893,0.007,0.007,0.009,0.009,0.006
59192,2002/03/11,,11,1,6331,17123210,CB,CHUBB CORP,,CB,,N,A,R,900,1153,1,6331,17123210,,,,,,,,,63.000,633.000,,,,,,,,,,,,,,,72.500,73.400,73.100,729000.000,-0.005172,72.620,73.450,169793.000,2.000,2.000,73.100,,-0.005172,0.003,0.003,0.005,0.005,0.003
59192,2002/03/12,,11,1,6331,17123210,CB,CHUBB CORP,,CB,,N,A,R,900,1153,1,6331,17123210,,,,,,,,,63.000,633.000,,,,,,,,,,,,,,,72.430,73.250,73.160,988600.000,0.000821,72.770,73.520,169793.000,2.000,2.000,72.700,,0.000821,-0.003,-0.003,-0.003,-0.003,-0.002
59192,2002/03/13,,11,1,6331,17123210,CB,CHUBB CORP,,CB,,N,A,R,900,1153,1,6331,17123210,,,,,,,,,63.000,633.000,,,,,,,,,,,,,,,73.000,73.600,73.350,757300.000,0.002597,72.940,73.740,169793.000,2.000,2.000,73.160,,0.002597,-0.009,-0.009,-0.003,-0.004,-0.010
59192,2002/03/14,,11,1,6331,17123210,CB,CHUBB CORP,,CB,,N,A,R,900,1153,1,6331,17123210,,,,,,,,,63.000,633.000,,,,,,,,,,,,,,,73.400,74.880,74.510,1230300.000,0.015815,74.100,74.820,169793.000,2.000,2.000,73.400,,0.015815,-0.000,-0.000,0.004,0.004,-0.001
59192,2002/03/15,,11,1,6331,17123210,CB,CHUBB CORP,,CB,,N,A,R,900,1153,1,6331,17123210,,,,,,,,,63.000,633.000,,,,,,,,,,,,,,,72.820,74.280,73.930,1565300.000,-0.007784,73.370,74.150,169793.000,2.000,2.000,74.000,,-0.007784,0.010,0.010,0.005,0.005,0.011
59192,2002/03/18,,11,1,6331,17123210,CB,CHUBB CORP,,CB,,N,A,R,900,1153,1,6331,17123210,,,,,,,,,63.000,633.000,,,,,,,,,,,,,,,72.450,74.300,72.750,1293700.000,-0.015961,72.350,73.090,169793.000,2.000,2.000,74.100,,-0.015961,0.001,0.001,0.005,0.005,-0.001
59192,2002/03/19,,11,1,6331,17123210,CB,CHUBB CORP,,CB,,N,A,R,900,1153,1,6331,17123210,,,,,,,,,63.000,633.000,,,,,,,,,,,,,,,72.030,73.100,72.330,1060200.000,-0.005773,71.910,72.660,169793.000,2.000,2.000,72.950,,-0.005773,0.003,0.003,0.003,0.003,0.004
59192,2002/03/20,,11,1,6331,17123210,CB,CHUBB CORP,,CB,,N,A,R,900,1153,1,6331,17123210,2002/03/08,,,,,2002/04/09,2002/03/22,0.000,63.000,633.000,1232.000,0.350,0.000,0.000,,,,,,,5.000,2.000,7.000,1.000,70.270,71.890,70.750,1239100.000,-0.017005,70.330,71.110,169793.000,2.000,2.000,71.880,,-0.021844,-0.014,-0.014,-0.006,-0.006,-0.016
59192,2002/03/21,,11,1,6331,17123210,CB,CHUBB CORP,,CB,,N,A,R,900,1153,1,6331,17123210,,,,,,,,,63.000,633.000,,,,,,,,,,,,,,,70.600,72.400,72.300,922400.000,0.021908,71.980,72.700,169793.000,2.000,2.000,70.950,,0.021908,0.003,0.003,0.006,0.006,0.002
59192,2002/03/22,,11,1,6331,17123210,CB,CHUBB CORP,,CB,,N,A,R,900,1153,1,6331,17123210,,,,,,,,,63.000,633.000,,,,,,,,,,,,,,,71.620,72.620,72.100,844500.000,-0.002766,71.720,72.420,169793.000,2.000,2.000,72.100,,-0.002766,-0.004,-0.004,-0.000,-0.000,-0.004
59192,2002/03/25,,11,1,6331,17123210,CB,CHUBB CORP,,CB,,N,A,R,900,1153,1,6331,17123210,,,,,,,,,63.000,633.000,,,,,,,,,,,,,,,70.080,72.180,70.850,961800.000,-0.017337,70.470,71.220,169793.000,2.000,2.000,72.150,,-0.017337,-0.014,-0.014,-0.007,-0.007,-0.015
59192,2002/03/26,,11,1,6331,17123210,CB,CHUBB CORP,,CB,,N,A,R,900,1153,1,6331,17123210,,,,,,,,,63.000,633.000,,,,,,,,,,,,,,,70.600,71.900,71.450,760000.000,0.008469,71.190,71.950,169793.000,2.000,2.000,70.660,,0.008469,0.006,0.006,0.005,0.004,0.006
59192,2002/03/27,,11,1,6331,17123210,CB,CHUBB CORP,,CB,,N,A,R,900,1153,1,6331,17123210,,,,,,,,,63.000,633.000,,,,,,,,,,,,,,,71.500,72.620,72.090,691400.000,0.008957,71.710,72.450,169793.000,2.000,2.000,71.600,,0.008957,0.006,0.005,0.006,0.006,0.005
59192,2002/03/28,,11,1,6331,17123210,CB,CHUBB CORP,,CB,,N,A,R,900,1153,1,6331,17123210,,,,,,,,0.000,63.000,633.000,,,,,,,,,,,5.000,2.000,7.000,1.000,72.000,73.200,73.100,699600.000,0.014010,72.660,73.440,170974.000,2.000,2.000,72.150,,0.014010,0.003,0.003,0.006,0.006,0.002
59192,2002/04/01,,11,1,6331,17123210,CB,CHUBB CORP,,CB,,N,A,R,900,1153,1,6331,17123210,,,,,,,,,63.000,633.000,,,,,,,,,,,,,,,72.220,73.400,73.180,631700.000,0.001094,72.920,73.540,170974.000,2.000,2.000,73.280,,0.001094,-0.001,-0.001,-0.001,-0.001,-0.001
59192,2002/04/02,,11,1,6331,17123210,CB,CHUBB CORP,,CB,,N,A,R,900,1153,1,6331,17123210,,,,,,,,,63.000,633.000,,,,,,,,,,,,,,,73.200,74.590,73.690,932300.000,0.006969,73.350,74.060,170974.000,2.000,2.000,73.250,,0.006969,-0.009,-0.009,-0.005,-0.005,-0.009
59192,2002/04/03,,11,1,6331,17123210,CB,CHUBB CORP,,CB,,N,A,R,900,1153,1,6331,17123210,,,,,,,,,63.000,633.000,,,,,,,,,,,,,,,72.300,73.940,73.010,779600.000,-0.009228,72.890,73.110,170974.000,2.000,2.000,73.750,,-0.009228,-0.009,-0.010,-0.006,-0.006,-0.010
59192,2002/04/04,,11,1,6331,17123210,CB,CHUBB CORP,,CB,,N,A,R,900,1153,1,6331,17123210,,,,,,,,,63.000,633.000,,,,,,,,,,,,,,,73.170,74.400,74.100,855700.000,0.014929,73.990,74.200,170974.000,2.000,2.000,73.170,,0.014929,0.001,0.001,0.001,0.001,0.001
59192,2002/04/05,,11,1,6331,17123210,CB,CHUBB CORP,,CB,,N,A,R,900,1153,1,6331,17123210,,,,,,,,,63.000,633.000,,,,,,,,,,,,,,,74.040,75.190,74.280,859600.000,0.002429,74.180,74.440,170974.000,2.000,2.000,74.150,,0.002429,-0.003,-0.003,-0.000,-0.000,-0.003
59192,2002/04/08,,11,1,6331,17123210,CB,CHUBB CORP,,CB,,N,A,R,900,1153,1,6331,17123210,,,,,,,,,63.000,633.000,,,,,,,,,,,,,,,73.650,75.440,75.140,644400.000,0.011578,75.130,75.140,170974.000,2.000,2.000,74.290,,0.011578,0.003,0.003,0.003,0.002,0.002
59192,2002/04/09,,11,1,6331,17123210,CB,CHUBB CORP,,CB,,N,A,R,900,1153,1,6331,17123210,,,,,,,,,63.000,633.000,,,,,,,,,,,,,,,75.270,77.250,76.800,1079100.000,0.022092,76.630,76.900,170974.000,2.000,2.000,75.350,,0.022092,-0.006,-0.006,-0.002,-0.002,-0.007
59192,2002/04/10,,11,1,6331,17123210,CB,CHUBB CORP,,CB,,N,A,R,900,1153,1,6331,17123210,,,,,,,,,63.000,633.000,,,,,,,,,,,,,,,77.010,78.000,77.900,1000500.000,0.014323,77.800,78.010,170974.000,2.000,2.000,77.600,,0.014323,0.011,0.011,0.009,0.008,0.011
59192,2002/04/11,,11,1,6331,17123210,CB,CHUBB CORP,,CB,,N,A,R,900,1153,1,6331,17123210,,,,,,,,,63.000,633.000,,,,,,,,,,,,,,,76.850,77.990,77.000,747300.000,-0.011553,76.900,77.120,170974.000,2.000,2.000,77.400,,-0.011553,-0.021,-0.021,-0.010,-0.010,-0.024
59192,2002/04/12,,11,1,6331,17123210,CB,CHUBB CORP,,CB,,N,A,R,900,1153,1,6331,17123210,,,,,,,,,63.000,633.000,,,,,,,,,,,,,,,76.310,77.900,76.760,837000.000,-0.003117,76.650,76.900,170974.000,2.000,2.000,76.910,,-0.003117,0.008,0.008,0.011,0.011,0.007
59192,2002/04/15,,11,1,6331,17123210,CB,CHUBB CORP,,CB,,N,A,R,900,1153,1,6331,17123210,,,,,,,,,63.000,633.000,,,,,,,,,,,,,,,75.580,76.990,76.120,699300.000,-0.008338,76.020,76.230,170974.000,2.000,2.000,76.980,,-0.008338,-0.006,-0.006,-0.001,-0.001,-0.008
59192,2002/04/16,,11,1,6331,17123210,CB,CHUBB CORP,,CB,,N,A,R,900,1153,1,6331,17123210,,,,,,,,,63.000,633.000,,,,,,,,,,,,,,,75.720,76.890,76.200,600100.000,0.001051,76.040,76.290,170974.000,2.000,2.000,76.320,,0.001051,0.022,0.022,0.016,0.016,0.023
59192,2002/04/17,,11,1,6331,17123210,CB,CHUBB CORP,,CB,,N,A,R,900,1153,1,6331,17123210,,,,,,,,,63.000,633.000,,,,,,,,,,,,,,,76.040,78.450,77.750,851600.000,0.020341,77.750,77.770,170974.000,2.000,2.000,76.230,,0.020341,-0.002,-0.002,0.001,0.001,-0.002
59192,2002/04/18,,11,1,6331,17123210,CB,CHUBB CORP,,CB,,N,A,R,900,1153,1,6331,17123210,,,,,,,,,63.000,633.000,,,,,,,,,,,,,,,76.130,78.210,77.520,882200.000,-0.002958,77.480,77.700,170974.000,2.000,2.000,77.760,,-0.002958,-0.002,-0.002,0.003,0.003,-0.001
59192,2002/04/19,,11,1,6331,17123210,CB,CHUBB CORP,,CB,,N,A,R,900,1153,1,6331,17123210,,,,,,,,,63.000,633.000,,,,,,,,,,,,,,,77.310,78.180,77.750,562300.000,0.002967,77.640,77.960,170974.000,2.000,2.000,77.530,,0.002967,0.001,0.001,0.002,0.002,0.001
59192,2002/04/22,,11,1,6331,17123210,CB,CHUBB CORP,,CB,,N,A,R,900,1153,1,6331,17123210,,,,,,,,,63.000,633.000,,,,,,,,,,,,,,,77.590,78.640,77.630,424100.000,-0.001543,77.580,77.810,170974.000,2.000,2.000,77.840,,-0.001543,-0.015,-0.015,-0.008,-0.008,-0.015
59192,2002/04/23,,11,1,6331,17123210,CB,CHUBB CORP,,CB,,N,A,R,900,1153,1,6331,17123210,,,,,,,,,63.000,633.000,,,,,,,,,,,,,,,76.270,78.000,76.420,998800.000,-0.015587,76.180,76.520,170974.000,2.000,2.000,77.380,,-0.015587,-0.005,-0.005,-0.001,-0.001,-0.006
59192,2002/04/24,,11,1,6331,17123210,CB,CHUBB CORP,,CB,,N,A,R,900,1153,1,6331,17123210,,,,,,,,,63.000,633.000,,,,,,,,,,,,,,,75.500,77.690,75.510,1135300.000,-0.011908,75.500,75.530,170974.000,2.000,2.000,76.320,,-0.011908,-0.006,-0.006,-0.002,-0.002,-0.007
59192,2002/04/25,,11,1,6331,17123210,CB,CHUBB CORP,,CB,,N,A,R,900,1153,1,6331,17123210,,,,,,,,,63.000,633.000,,,,,,,,,,,,,,,74.400,75.200,74.400,1051800.000,-0.014700,74.300,74.790,170974.000,2.000,2.000,75.000,,-0.014700,-0.002,-0.002,-0.002,-0.002,-0.002
59192,2002/04/26,,11,1,6331,17123210,CB,CHUBB CORP,,CB,,N,A,R,900,1153,1,6331,17123210,,,,,,,,,63.000,633.000,,,,,,,,,,,,,,,74.100,75.000,74.260,782900.000,-0.001882,74.110,74.360,170974.000,2.000,2.000,74.600,,-0.001882,-0.013,-0.014,-0.009,-0.009,-0.014
59192,2002/04/29,,11,1,6331,17123210,CB,CHUBB CORP,,CB,,N,A,R,900,1153,1,6331,17123210,,,,,,,,,63.000,633.000,,,,,,,,,,,,,,,73.020,74.700,73.130,852800.000,-0.015217,73.020,73.260,170974.000,2.000,2.000,74.160,,-0.015217,-0.009,-0.009,-0.006,-0.006,-0.010
59192,2002/04/30,,11,1,6331,17123210,CB,CHUBB CORP,,CB,,N,A,R,900,1153,1,6331,17123210,,,,,,,,0.000,63.000,633.000,,,,,,,,,,,5.000,2.000,7.000,1.000,75.500,77.130,76.700,2321000.000,0.048817,76.410,76.780,170974.000,2.000,2.000,76.000,,0.048817,0.012,0.012,0.010,0.010,0.011
59192,2002/05/01,,11,1,6331,17123210,CB,CHUBB CORP,,CB,,N,A,R,900,1153,1,6331,17123210,,,,,,,,,63.000,633.000,,,,,,,,,,,,,,,75.690,77.500,76.760,1936600.000,0.000782,76.730,76.760,170974.000,2.000,2.000,76.700,,0.000782,0.008,0.007,0.001,0.001,0.009
59192,2002/05/02,,11,1,6331,17123210,CB,CHUBB CORP,,CB,,N,A,R,900,1153,1,6331,17123210,,,,,,,,,63.000,633.000,,,,,,,,,,,,,,,75.850,76.960,76.560,1470700.000,-0.002606,76.350,76.660,170974.000,2.000,2.000,76.960,,-0.002606,-0.002,-0.002,0.000,0.000,-0.002
59192,2002/05/03,,11,1,6331,17123210,CB,CHUBB CORP,,CB,,N,A,R,900,1153,1,6331,17123210,,,,,,,,,63.000,633.000,,,,,,,,,,,,,,,75.500,76.650,76.050,675300.000,-0.006661,75.910,76.160,170974.000,2.000,2.000,76.650,,-0.006661,-0.009,-0.009,-0.002,-0.002,-0.010
59192,2002/05/06,,11,1,6331,17123210,CB,CHUBB CORP,,CB,,N,A,R,900,1153,1,6331,17123210,,,,,,,,,63.000,633.000,,,,,,,,,,,,,,,76.190,77.390,76.250,895500.000,0.002630,76.090,76.350,170974.000,2.000,2.000,76.250,,0.002630,-0.018,-0.018,-0.011,-0.011,-0.019
59192,2002/05/07,,11,1,6331,17123210,CB,CHUBB CORP,,CB,,N,A,R,900,1153,1,6331,17123210,,,,,,,,,63.000,633.000,,,,,,,,,,,,,,,75.720,77.000,75.790,823500.000,-0.006033,75.680,75.910,170974.000,2.000,2.000,77.000,,-0.006033,-0.004,-0.004,-0.006,-0.006,-0.003
59192,2002/05/08,,11,1,6331,17123210,CB,CHUBB CORP,,CB,,N,A,R,900,1153,1,6331,17123210,,,,,,,,,63.000,633.000,,,,,,,,,,,,,,,76.250,77.500,76.660,1046200.000,0.011479,76.550,76.760,170974.000,2.000,2.000,76.300,,0.011479,0.034,0.034,0.019,0.019,0.038
59192,2002/05/09,,11,1,6331,17123210,CB,CHUBB CORP,,CB,,N,A,R,900,1153,1,6331,17123210,,,,,,,,,63.000,633.000,,,,,,,,,,,,,,,76.300,77.550,76.590,938200.000,-0.000913,76.480,76.690,170974.000,2.000,2.000,76.560,,-0.000913,-0.014,-0.014,-0.008,-0.008,-0.015
59192,2002/05/10,,11,1,6331,17123210,CB,CHUBB CORP,,CB,,N,A,R,900,1153,1,6331,17123210,,,,,,,,,63.000,633.000,,,,,,,,,,,,,,,75.850,77.300,76.250,1056700.000,-0.004439,76.150,76.450,170974.000,2.000,2.000,76.540,,-0.004439,-0.015,-0.015,-0.008,-0.008,-0.017
59192,2002/05/13,,11,1,6331,17123210,CB,CHUBB CORP,,CB,,N,A,R,900,1153,1,6331,17123210,,,,,,,,,63.000,633.000,,,,,,,,,,,,,,,74.870,77.000,77.000,1526600.000,0.009836,76.770,77.100,170974.000,2.000,2.000,75.500,,0.009836,0.017,0.017,0.007,0.007,0.019
59192,2002/05/14,,11,1,6331,17123210,CB,CHUBB CORP,,CB,,N,A,R,900,1153,1,6331,17123210,,,,,,,,,63.000,633.000,,,,,,,,,,,,,,,76.000,77.950,76.500,1246800.000,-0.006494,76.400,76.660,170974.000,2.000,2.000,77.950,,-0.006494,0.021,0.021,0.015,0.015,0.021
59192,2002/05/15,,11,1,6331,17123210,CB,CHUBB CORP,,CB,,N,A,R,900,1153,1,6331,17123210,,,,,,,,,63.000,633.000,,,,,,,,,,,,,,,76.350,77.200,76.870,1115600.000,0.004837,76.710,76.930,170974.000,2.000,2.000,76.350,,0.004837,-0.003,-0.004,0.001,0.001,-0.006
59192,2002/05/16,,11,1,6331,17123210,CB,CHUBB CORP,,CB,,N,A,R,900,1153,1,6331,17123210,,,,,,,,,63.000,633.000,,,,,,,,,,,,,,,76.000,77.100,76.750,986100.000,-0.001561,76.740,76.750,170974.000,2.000,2.000,76.870,,-0.001561,0.004,0.003,-0.001,-0.001,0.007
59192,2002/05/17,,11,1,6331,17123210,CB,CHUBB CORP,,CB,,N,A,R,900,1153,1,6331,17123210,,,,,,,,,63.000,633.000,,,,,,,,,,,,,,,76.720,78.200,78.200,1220800.000,0.018892,77.840,78.100,170974.000,2.000,2.000,76.730,,0.018892,0.007,0.007,0.004,0.004,0.008
59192,2002/05/20,,11,1,6331,17123210,CB,CHUBB CORP,,CB,,N,A,R,900,1153,1,6331,17123210,,,,,,,,,63.000,633.000,,,,,,,,,,,,,,,76.300,77.900,76.340,913300.000,-0.023785,76.350,76.510,170974.000,2.000,2.000,77.900,,-0.023785,-0.012,-0.012,-0.006,-0.006,-0.013
59192,2002/05/21,,11,1,6331,17123210,CB,CHUBB CORP,,CB,,N,A,R,900,1153,1,6331,17123210,,,,,,,,,63.000,633.000,,,,,,,,,,,,,,,75.000,76.500,75.150,1724500.000,-0.015588,74.660,75.210,170974.000,2.000,2.000,76.340,,-0.015588,-0.011,-0.011,-0.009,-0.009,-0.011
59192,2002/05/22,,11,1,6331,17123210,CB,CHUBB CORP,,CB,,N,A,R,900,1153,1,6331,17123210,,,,,,,,,63.000,633.000,,,,,,,,,,,,,,,74.090,75.950,75.860,1103600.000,0.009448,75.750,75.960,170974.000,2.000,2.000,74.900,,0.009448,0.004,0.004,-0.002,-0.002,0.006
59192,2002/05/23,,11,1,6331,17123210,CB,CHUBB CORP,,CB,,N,A,R,900,1153,1,6331,17123210,,,,,,,,,63.000,633.000,,,,,,,,,,,,,,,75.550,77.000,76.480,1039300.000,0.008173,76.290,76.510,170974.000,2.000,2.000,75.860,,0.008173,0.010,0.010,0.007,0.007,0.010
59192,2002/05/24,,11,1,6331,17123210,CB,CHUBB CORP,,CB,,N,A,R,900,1153,1,6331,17123210,,,,,,,,,63.000,633.000,,,,,,,,,,,,,,,74.650,76.350,75.640,912800.000,-0.010983,75.590,76.000,170974.000,2.000,2.000,74.650,,-0.010983,-0.011,-0.011,-0.005,-0.005,-0.012
59192,2002/05/28,,11,1,6331,17123210,CB,CHUBB CORP,,CB,,N,A,R,900,1153,1,6331,17123210,,,,,,,,,63.000,633.000,,,,,,,,,,,,,,,74.120,75.400,74.700,1043800.000,-0.012427,74.630,74.860,170974.000,2.000,2.000,75.340,,-0.012427,-0.007,-0.007,-0.002,-0.002,-0.009
59192,2002/05/29,,11,1,6331,17123210,CB,CHUBB CORP,,CB,,N,A,R,900,1153,1,6331,17123210,,,,,,,,,63.000,633.000,,,,,,,,,,,,,,,74.650,75.800,75.360,592400.000,0.008835,75.260,75.470,170974.000,2.000,2.000,74.710,,0.008835,-0.007,-0.007,-0.006,-0.006,-0.006
59192,2002/05/30,,11,1,6331,17123210,CB,CHUBB CORP,,CB,,N,A,R,900,1153,1,6331,17123210,,,,,,,,,63.000,633.000,,,,,,,,,,,,,,,74.380,75.560,75.070,821700.000,-0.003848,75.060,75.270,170974.000,2.000,2.000,74.800,,-0.003848,-0.002,-0.002,-0.001,-0.001,-0.003
59192,2002/05/31,,11,1,6331,17123210,CB,CHUBB CORP,,CB,,N,A,R,900,1153,1,6331,17123210,,,,,,,,0.000,63.000,633.000,,,,,,,,,,,5.000,2.000,7.000,1.000,74.900,75.750,75.160,462300.000,0.001199,75.100,75.430,171436.000,2.000,2.000,75.200,,0.001199,0.002,0.002,0.003,0.003,0.002
59192,2002/06/03,,11,1,6331,17123210,CB,CHUBB CORP,,CB,,N,A,R,900,1153,1,6331,17123210,,,,,,,,,63.000,633.000,,,,,,,,,,,,,,,74.450,75.790,74.480,618500.000,-0.009047,74.350,74.560,171436.000,2.000,2.000,75.310,,-0.009047,-0.024,-0.024,-0.018,-0.018,-0.025
59192,2002/06/04,,11,1,6331,17123210,CB,CHUBB CORP,,CB,,N,A,R,900,1153,1,6331,17123210,,,,,,,,,63.000,633.000,,,,,,,,,,,,,,,70.400,73.250,72.950,2552100.000,-0.020543,72.750,73.110,171436.000,2.000,2.000,71.750,,-0.020543,-0.001,-0.001,-0.004,-0.004,0.000
59192,2002/06/05,,11,1,6331,17123210,CB,CHUBB CORP,,CB,,N,A,R,900,1153,1,6331,17123210,,,,,,,,,63.000,633.000,,,,,,,,,,,,,,,73.300,74.180,73.900,581800.000,0.013023,73.830,73.870,171436.000,2.000,2.000,73.400,,0.013023,0.008,0.007,0.000,0.000,0.009
59192,2002/06/06,,11,1,6331,17123210,CB,CHUBB CORP,,CB,,N,A,R,900,1153,1,6331,17123210,,,,,,,,,63.000,633.000,,,,,,,,,,,,,,,73.330,74.190,73.400,792600.000,-0.006766,73.260,73.590,171436.000,2.000,2.000,73.900,,-0.006766,-0.018,-0.018,-0.015,-0.015,-0.020
59192,2002/06/07,,11,1,6331,17123210,CB,CHUBB CORP,,CB,,N,A,R,900,1153,1,6331,17123210,,,,,,,,,63.000,633.000,,,,,,,,,,,,,,,73.160,74.300,73.930,549900.000,0.007221,73.830,74.050,171436.000,2.000,2.000,73.400,,0.007221,-0.000,-0.000,0.002,0.002,-0.002
59192,2002/06/10,,11,1,6331,17123210,CB,CHUBB CORP,,CB,,N,A,R,900,1153,1,6331,17123210,,,,,,,,,63.000,633.000,,,,,,,,,,,,,,,73.350,74.500,73.950,505100.000,0.000270,73.850,74.110,171436.000,2.000,2.000,73.940,,0.000270,0.002,0.002,-0.003,-0.003,0.003
59192,2002/06/11,,11,1,6331,17123210,CB,CHUBB CORP,,CB,,N,A,R,900,1153,1,6331,17123210,,,,,,,,,63.000,633.000,,,,,,,,,,,,,,,71.650,74.240,71.650,1052100.000,-0.031102,71.550,71.760,171436.000,2.000,2.000,74.200,,-0.031102,-0.016,-0.016,-0.009,-0.009,-0.017
59192,2002/06/12,,11,1,6331,17123210,CB,CHUBB CORP,,CB,,N,A,R,900,1153,1,6331,17123210,,,,,,,,,63.000,633.000,,,,,,,,,,,,,,,71.130,71.990,71.350,1313000.000,-0.004187,71.250,71.550,171436.000,2.000,2.000,71.650,,-0.004187,0.005,0.004,-0.004,-0.005,0.007
59192,2002/06/13,,11,1,6331,17123210,CB,CHUBB CORP,,CB,,N,A,R,900,1153,1,6331,17123210,,,,,,,,,63.000,633.000,,,,,,,,,,,,,,,69.300,71.250,69.350,1235600.000,-0.028031,69.230,69.450,171436.000,2.000,2.000,71.250,,-0.028031,-0.010,-0.010,-0.007,-0.007,-0.010
59192,2002/06/14,,11,1,6331,17123210,CB,CHUBB CORP,,CB,,N,A,R,900,1153,1,6331,17123210,,,,,,,,,63.000,633.000,,,,,,,,,,,,,,,68.000,70.950,70.300,1253600.000,0.013699,70.180,70.410,171436.000,2.000,2.000,68.500,,0.013699,-0.001,-0.001,0.000,0.000,-0.002
59192,2002/06/17,,11,1,6331,17123210,CB,CHUBB CORP,,CB,,N,A,R,900,1153,1,6331,17123210,,,,,,,,,63.000,633.000,,,,,,,,,,,,,,,70.300,73.130,73.110,829800.000,0.039972,72.970,73.190,171436.000,2.000,2.000,70.400,,0.039972,0.027,0.027,0.015,0.015,0.029
59192,2002/06/18,,11,1,6331,17123210,CB,CHUBB CORP,,CB,,N,A,R,900,1153,1,6331,17123210,,,,,,,,,63.000,633.000,,,,,,,,,,,,,,,72.700,73.690,73.250,672600.000,0.001915,73.150,73.450,171436.000,2.000,2.000,73.000,,0.001915,0.000,0.000,-0.000,-0.001,0.001
59192,2002/06/19,,11,1,6331,17123210,CB,CHUBB CORP,,CB,,N,A,R,900,1153,1,6331,17123210,2002/06/07,,,,,2002/07/09,2002/06/21,0.000,63.000,633.000,1232.000,0.350,0.000,0.000,,,,,,,5.000,2.000,7.000,1.000,72.100,73.110,72.110,585300.000,-0.010785,72.010,72.330,171436.000,2.000,2.000,73.010,,-0.015563,-0.016,-0.016,-0.014,-0.015,-0.017
59192,2002/06/20,,11,1,6331,17123210,CB,CHUBB CORP,,CB,,N,A,R,900,1153,1,6331,17123210,,,,,,,,,63.000,633.000,,,,,,,,,,,,,,,71.530,72.480,72.070,552200.000,-0.000555,71.970,72.260,171436.000,2.000,2.000,71.750,,-0.000555,-0.013,-0.013,-0.004,-0.004,-0.013
59192,2002/06/21,,11,1,6331,17123210,CB,CHUBB CORP,,CB,,N,A,R,900,1153,1,6331,17123210,,,,,,,,,63.000,633.000,,,,,,,,,,,,,,,71.850,73.470,72.080,751500.000,0.000139,71.960,72.180,171436.000,2.000,2.000,72.140,,0.000139,-0.014,-0.014,-0.002,-0.002,-0.017
59192,2002/06/24,,11,1,6331,17123210,CB,CHUBB CORP,,CB,,N,A,R,900,1153,1,6331,17123210,,,,,,,,,63.000,633.000,,,,,,,,,,,,,,,71.320,72.650,72.050,750000.000,-0.000416,71.940,72.150,171436.000,2.000,2.000,71.950,,-0.000416,0.001,0.001,-0.005,-0.005,0.004
59192,2002/06/25,,11,1,6331,17123210,CB,CHUBB CORP,,CB,,N,A,R,900,1153,1,6331,17123210,,,,,,,,,63.000,633.000,,,,,,,,,,,,,,,72.080,73.060,72.310,796500.000,0.003609,72.180,72.450,171436.000,2.000,2.000,72.190,,0.003609,-0.015,-0.015,-0.008,-0.008,-0.017
59192,2002/06/26,,11,1,6331,17123210,CB,CHUBB CORP,,CB,,N,A,R,900,1153,1,6331,17123210,,,,,,,,,63.000,633.000,,,,,,,,,,,,,,,70.230,71.990,71.950,1150400.000,-0.004979,71.790,72.050,171436.000,2.000,2.000,70.750,,-0.004979,-0.003,-0.004,-0.008,-0.009,-0.003
59192,2002/06/27,,11,1,6331,17123210,CB,CHUBB CORP,,CB,,N,A,R,900,1153,1,6331,17123210,,,,,,,,,63.000,633.000,,,,,,,,,,,,,,,69.300,71.950,70.760,1856800.000,-0.016539,70.730,70.940,171436.000,2.000,2.000,71.950,,-0.016539,0.016,0.016,0.012,0.011,0.018
59192,2002/06/28,,11,1,6331,17123210,CB,CHUBB CORP,,CB,,N,A,R,900,1153,1,6331,17123210,,,,,,,,0.000,63.000,633.000,,,,,,,,,,,5.000,2.000,7.000,1.000,70.540,71.590,70.800,981200.000,0.000565,70.830,71.040,171436.000,2.000,2.000,70.660,,0.000565,0.002,0.002,0.012,0.012,-0.001
59192,2002/07/01,,11,1,6331,17123210,CB,CHUBB CORP,,CB,,N,A,R,900,1153,1,6331,17123210,,,,,,,,,63.000,633.000,,,,,,,,,,,,,,,70.340,71.470,70.510,826900.000,-0.004096,70.310,70.700,171436.000,2.000,2.000,70.500,,-0.004096,-0.022,-0.022,-0.019,-0.019,-0.021
59192,2002/07/02,,11,1,6331,17123210,CB,CHUBB CORP,,CB,,N,A,R,900,1153,1,6331,17123210,,,,,,,,,63.000,633.000,,,,,,,,,,,,,,,67.610,70.600,67.720,1431300.000,-0.039569,67.770,67.990,171436.000,2.000,2.000,70.310,,-0.039569,-0.022,-0.023,-0.023,-0.023,-0.021
59192,2002/07/03,,11,1,6331,17123210,CB,CHUBB CORP,,CB,,N,A,R,900,1153,1,6331,17123210,,,,,,,,,63.000,633.000,,,,,,,,,,,,,,,66.150,68.000,67.030,1200700.000,-0.010189,66.900,67.120,171436.000,2.000,2.000,67.350,,-0.010189,0.004,0.004,-0.005,-0.005,0.006
59192,2002/07/05,,11,1,6331,17123210,CB,CHUBB CORP,,CB,,N,A,R,900,1153,1,6331,17123210,,,,,,,,,63.000,633.000,,,,,,,,,,,,,,,67.460,69.080,68.990,371900.000,0.029241,68.880,69.100,171436.000,2.000,2.000,67.500,,0.029241,0.034,0.034,0.022,0.022,0.037
59192,2002/07/08,,11,1,6331,17123210,CB,CHUBB CORP,,CB,,N,A,R,900,1153,1,6331,17123210,,,,,,,,,63.000,633.000,,,,,,,,,,,,,,,67.750,69.600,68.500,763400.000,-0.007102,68.280,68.500,171436.000,2.000,2.000,68.790,,-0.007102,-0.011,-0.012,-0.008,-0.008,-0.012
59192,2002/07/09,,11,1,6331,17123210,CB,CHUBB CORP,,CB,,N,A,R,900,1153,1,6331,17123210,,,,,,,,,63.000,633.000,,,,,,,,,,,,,,,66.980,68.750,66.990,807200.000,-0.022044,66.890,67.100,171436.000,2.000,2.000,68.700,,-0.022044,-0.022,-0.022,-0.007,-0.007,-0.025
59192,2002/07/10,,11,1,6331,17123210,CB,CHUBB CORP,,CB,,N,A,R,900,1153,1,6331,17123210,,,,,,,,,63.000,633.000,,,,,,,,,,,,,,,63.250,67.150,63.940,1646700.000,-0.045529,63.810,64.050,171436.000,2.000,2.000,67.100,,-0.045529,-0.030,-0.030,-0.016,-0.016,-0.034
59192,2002/07/11,,11,1,6331,17123210,CB,CHUBB CORP,,CB,,N,A,R,900,1153,1,6331,17123210,,,,,,,,,63.000,633.000,,,,,,,,,,,,,,,63.040,66.100,65.540,1385400.000,0.025023,65.440,65.650,171436.000,2.000,2.000,63.690,,0.025023,0.005,0.005,-0.004,-0.004,0.007
59192,2002/07/12,,11,1,6331,17123210,CB,CHUBB CORP,,CB,,N,A,R,900,1153,1,6331,17123210,,,,,,,,,63.000,633.000,,,,,,,,,,,,,,,64.610,66.050,64.900,646300.000,-0.009765,64.700,65.030,171436.000,2.000,2.000,65.740,,-0.009765,-0.006,-0.006,-0.002,-0.002,-0.006
59192,2002/07/15,,11,1,6331,17123210,CB,CHUBB CORP,,CB,,N,A,R,900,1153,1,6331,17123210,,,,,,,,,63.000,633.000,,,,,,,,,,,,,,,62.260,64.490,64.450,894000.000,-0.006934,64.350,64.660,171436.000,2.000,2.000,64.400,,-0.006934,-0.005,-0.005,-0.010,-0.010,-0.004
59192,2002/07/16,,11,1,6331,17123210,CB,CHUBB CORP,,CB,,N,A,R,900,1153,1,6331,17123210,,,,,,,,,63.000,633.000,,,,,,,,,,,,,,,62.800,64.350,63.480,1358600.000,-0.015050,63.350,63.590,171436.000,2.000,2.000,63.900,,-0.015050,-0.014,-0.014,-0.000,-0.000,-0.018
59192,2002/07/17,,11,1,6331,17123210,CB,CHUBB CORP,,CB,,N,A,R,900,1153,1,6331,17123210,,,,,,,,,63.000,633.000,,,,,,,,,,,,,,,60.700,64.520,61.800,1492600.000,-0.026465,61.300,62.160,171436.000,2.000,2.000,63.900,,-0.026465,0.006,0.006,0.005,0.005,0.006
59192,2002/07/18,,11,1,6331,17123210,CB,CHUBB CORP,,CB,,N,A,R,900,1153,1,6331,17123210,,,,,,,,,63.000,633.000,,,,,,,,,,,,,,,57.710,61.610,58.090,2490200.000,-0.060032,57.970,58.190,171436.000,2.000,2.000,61.600,,-0.060032,-0.025,-0.025,-0.014,-0.014,-0.027
59192,2002/07/19,,11,1,6331,17123210,CB,CHUBB CORP,,CB,,N,A,R,900,1153,1,6331,17123210,,,,,,,,,63.000,633.000,,,,,,,,,,,,,,,57.900,59.750,58.350,1745400.000,0.004476,57.920,58.150,171436.000,2.000,2.000,58.090,,0.004476,-0.033,-0.033,-0.019,-0.019,-0.038
59192,2002/07/22,,11,1,6331,17123210,CB,CHUBB CORP,,CB,,N,A,R,900,1153,1,6331,17123210,,,,,,,,,63.000,633.000,,,,,,,,,,,,,,,56.830,59.250,57.360,1547000.000,-0.016967,57.190,57.440,171436.000,2.000,2.000,58.350,,-0.016967,-0.032,-0.032,-0.021,-0.021,-0.033
59192,2002/07/23,,11,1,6331,17123210,CB,CHUBB CORP,,CB,,N,A,R,900,1153,1,6331,17123210,,,,,,,,,63.000,633.000,,,,,,,,,,,,,,,54.500,58.490,55.400,1597000.000,-0.034170,55.160,55.550,171436.000,2.000,2.000,57.460,,-0.034170,-0.030,-0.030,-0.031,-0.031,-0.027
59192,2002/07/24,,11,1,6331,17123210,CB,CHUBB CORP,,CB,,N,A,R,900,1153,1,6331,17123210,,,,,,,,,63.000,633.000,,,,,,,,,,,,,,,53.060,57.500,57.500,1879600.000,0.037906,57.390,57.610,171436.000,2.000,2.000,53.650,,0.037906,0.052,0.052,0.018,0.018,0.057
59192,2002/07/25,,11,1,6331,17123210,CB,CHUBB CORP,,CB,,N,A,R,900,1153,1,6331,17123210,,,,,,,,,63.000,633.000,,,,,,,,,,,,,,,56.100,59.000,57.660,1688800.000,0.002783,57.540,57.750,171436.000,2.000,2.000,56.900,,0.002783,-0.006,-0.006,-0.003,-0.003,-0.006
59192,2002/07/26,,11,1,6331,17123210,CB,CHUBB CORP,,CB,,N,A,R,900,1153,1,6331,17123210,,,,,,,,,63.000,633.000,,,,,,,,,,,,,,,57.920,61.100,61.100,1428600.000,0.059660,60.330,61.000,171436.000,2.000,2.000,58.000,,0.059660,0.015,0.015,0.007,0.007,0.017
59192,2002/07/29,,11,1,6331,17123210,CB,CHUBB CORP,,CB,,N,A,R,900,1153,1,6331,17123210,,,,,,,,,63.000,633.000,,,,,,,,,,,,,,,61.380,65.120,64.900,3094200.000,0.062193,64.860,64.980,171436.000,2.000,2.000,61.500,,0.062193,0.053,0.053,0.035,0.035,0.054
59192,2002/07/30,,11,1,6331,17123210,CB,CHUBB CORP,,CB,,N,A,R,900,1153,1,6331,17123210,,,,,,,,,63.000,633.000,,,,,,,,,,,,,,,62.050,65.180,63.600,2707900.000,-0.020031,63.490,63.800,171436.000,2.000,2.000,63.750,,-0.020031,0.005,0.005,0.005,0.005,0.004
59192,2002/07/31,,11,1,6331,17123210,CB,CHUBB CORP,,CB,,N,A,R,900,1153,1,6331,17123210,,,,,,,,0.000,63.000,633.000,,,,,,,,,,,5.000,2.000,7.000,1.000,63.250,65.400,64.890,1579000.000,0.020283,64.680,65.100,171436.000,2.000,2.000,63.600,,0.020283,0.006,0.005,-0.004,-0.004,0.010
59192,2002/08/01,,11,1,6331,17123210,CB,CHUBB CORP,,CB,,N,A,R,900,1153,1,6331,17123210,,,,,,,,,63.000,633.000,,,,,,,,,,,,,,,63.730,65.100,63.740,2009800.000,-0.017722,63.630,63.840,171436.000,2.000,2.000,64.990,,-0.017722,-0.026,-0.026,-0.009,-0.009,-0.030
59192,2002/08/02,,11,1,6331,17123210,CB,CHUBB CORP,,CB,,N,A,R,900,1153,1,6331,17123210,,,,,,,,,63.000,633.000,,,,,,,,,,,,,,,60.750,64.000,61.400,1833900.000,-0.036712,61.150,61.600,171436.000,2.000,2.000,63.700,,-0.036712,-0.023,-0.023,-0.018,-0.018,-0.023
59192,2002/08/05,,11,1,6331,17123210,CB,CHUBB CORP,,CB,,N,A,R,900,1153,1,6331,17123210,,,,,,,,,63.000,633.000,,,,,,,,,,,,,,,59.350,61.940,59.400,1784500.000,-0.032573,59.350,59.370,171436.000,2.000,2.000,61.250,,-0.032573,-0.033,-0.033,-0.021,-0.021,-0.034
59192,2002/08/06,,11,1,6331,17123210,CB,CHUBB CORP,,CB,,N,A,R,900,1153,1,6331,17123210,,,,,,,,,63.000,633.000,,,,,,,,,,,,,,,59.350,61.010,59.360,1878300.000,-0.000673,59.350,59.370,171436.000,2.000,2.000,60.600,,-0.000673,0.030,0.030,0.022,0.022,0.030
59192,2002/08/07,,11,1,6331,17123210,CB,CHUBB CORP,,CB,,N,A,R,900,1153,1,6331,17123210,,,,,,,,,63.000,633.000,,,,,,,,,,,,,,,58.000,60.600,59.430,2050800.000,0.001179,59.300,59.340,171436.000,2.000,2.000,60.000,,0.001179,0.017,0.017,0.004,0.004,0.020
59192,2002/08/08,,11,1,6331,17123210,CB,CHUBB CORP,,CB,,N,A,R,900,1153,1,6331,17123210,,,,,,,,,63.000,633.000,,,,,,,,,,,,,,,59.910,62.890,62.830,1418900.000,0.057210,62.800,62.900,171436.000,2.000,2.000,60.000,,0.057210,0.029,0.029,0.011,0.011,0.033
59192,2002/08/09,,11,1,6331,17123210,CB,CHUBB CORP,,CB,,N,A,R,900,1153,1,6331,17123210,,,,,,,,,63.000,633.000,,,,,,,,,,,,,,,62.010,63.850,63.440,931100.000,0.009709,63.440,63.470,171436.000,2.000,2.000,62.400,,0.009709,0.003,0.003,0.002,0.002,0.004
59192,2002/08/12,,11,1,6331,17123210,CB,CHUBB CORP,,CB,,N,A,R,900,1153,1,6331,17123210,,,,,,,,,63.000,633.000,,,,,,,,,,,,,,,62.250,63.340,63.010,636500.000,-0.006778,62.820,63.110,171436.000,2.000,2.000,63.000,,-0.006778,-0.004,-0.004,0.000,0.000,-0.005
59192,2002/08/13,,11,1,6331,17123210,CB,CHUBB CORP,,CB,,N,A,R,900,1153,1,6331,17123210,,,,,,,,,63.000,633.000,,,,,,,,,,,,,,,62.260,64.210,62.260,1679400.000,-0.011903,62.160,62.370,171436.000,2.000,2.000,63.100,,-0.011903,-0.020,-0.020,-0.012,-0.012,-0.022
59192,2002/08/14,,11,1,6331,17123210,CB,CHUBB CORP,,CB,,N,A,R,900,1153,1,6331,17123210,,,,,,,,,63.000,633.000,,,,,,,,,,,,,,,62.000,64.950,64.950,1379300.000,0.043206,64.520,65.000,171436.000,2.000,2.000,62.360,,0.043206,0.035,0.035,0.016,0.016,0.040
59192,2002/08/15,,11,1,6331,17123210,CB,CHUBB CORP,,CB,,N,A,R,900,1153,1,6331,17123210,,,,,,,,,63.000,633.000,,,,,,,,,,,,,,,62.750,65.000,63.750,1855100.000,-0.018476,63.360,63.480,171436.000,2.000,2.000,64.700,,-0.018476,0.012,0.012,0.005,0.005,0.012
59192,2002/08/16,,11,1,6331,17123210,CB,CHUBB CORP,,CB,,N,A,R,900,1153,1,6331,17123210,,,,,,,,,63.000,633.000,,,,,,,,,,,,,,,62.200,63.750,62.290,1569200.000,-0.022902,62.260,62.300,171436.000,2.000,2.000,63.750,,-0.022902,0.001,0.001,0.007,0.007,-0.002
59192,2002/08/19,,11,1,6331,17123210,CB,CHUBB CORP,,CB,,N,A,R,900,1153,1,6331,17123210,,,,,,,,,63.000,633.000,,,,,,,,,,,,,,,62.260,63.860,63.840,813400.000,0.024884,63.730,63.970,171436.000,2.000,2.000,62.260,,0.024884,0.021,0.021,0.012,0.012,0.024
59192,2002/08/20,,11,1,6331,17123210,CB,CHUBB CORP,,CB,,N,A,R,900,1153,1,6331,17123210,,,,,,,,,63.000,633.000,,,,,,,,,,,,,,,63.000,63.790,63.340,759400.000,-0.007832,63.190,63.450,171436.000,2.000,2.000,63.640,,-0.007832,-0.012,-0.012,-0.004,-0.004,-0.014
