PERMNO,date,NAMEENDT,SHRCD,EXCHCD,SICCD,NCUSIP,TICKER,COMNAM,SHRCLS,TSYMBOL,NAICS,PRIMEXCH,TRDSTAT,SECSTAT,PERMCO,ISSUNO,HEXCD,HSICCD,CUSIP,DCLRDT,DLAMT,DLPDT,DLSTCD,NEXTDT,PAYDT,RCRDDT,SHRFLG,HSICMG,HSICIG,DISTCD,DIVAMT,FACPR,FACSHR,ACPERM,ACCOMP,NWPERM,DLRETX,DLPRC,DLRET,TRTSCD,NMSIND,MMCNT,NSDINX,BIDLO,ASKHI,PRC,VOL,RET,BID,ASK,SHROUT,CFACPR,CFACSHR,OPENPRC,NUMTRD,RETX,vwretd,vwretx,ewretd,ewretx,sprtrn
75104,2006/01/03,2006/06/29,11,1,4841,12485710,CBS,C B S CORP NEW,A,CBSA,517510,N,A,R,21866,0,1,4833,12485710,,,,,,2006/01/03,2006/01/03,1.000,48.000,483.000,5523.000,0.000,-0.500,-0.500,,,,,,,,,,,25.600,27.370,26.150,150500.000,0.033120,26.140,26.230,65743.000,1.000,1.000,25.600,,0.033120,0.016,0.016,0.011,0.011,0.016
75104,2006/01/03,2006/06/29,11,1,4841,12485710,CBS,C B S CORP NEW,A,CBSA,517510,N,A,R,21866,0,1,4833,12485710,,,,,,2006/01/03,2006/01/03,1.000,48.000,483.000,3763.000,20.770,0.794,0.000,91066,50032,,,,,,,,,25.600,27.370,26.150,150500.000,0.033120,26.140,26.230,65743.000,1.000,1.000,25.600,,0.033120,0.016,0.016,0.011,0.011,0.016
75104,2006/01/04,,11,1,4841,12485710,CBS,C B S CORP NEW,A,CBSA,517510,N,A,R,21866,0,1,4833,12485710,,,,,,,,,48.000,483.000,,,,,,,,,,,,,,,25.850,26.190,26.050,216500.000,-0.003824,26.040,26.050,65743.000,1.000,1.000,25.900,,-0.003824,0.006,0.005,0.008,0.008,0.004
75104,2006/01/05,,11,1,4841,12485710,CBS,C B S CORP NEW,A,CBSA,517510,N,A,R,21866,0,1,4833,12485710,,,,,,,,,48.000,483.000,,,,,,,,,,,,,,,25.850,26.400,26.400,374900.000,0.013436,26.350,26.370,65743.000,1.000,1.000,25.900,,0.013436,-0.000,-0.000,0.003,0.003,0.000
75104,2006/01/06,,11,1,4841,12485710,CBS,C B S CORP NEW,A,CBSA,517510,N,A,R,21866,0,1,4833,12485710,,,,,,,,,48.000,483.000,,,,,,,,,,,,,,,26.420,27.260,27.150,366100.000,0.028409,27.140,27.150,65743.000,1.000,1.000,26.420,,0.028409,0.010,0.010,0.009,0.009,0.009
75104,2006/01/09,,11,1,4841,12485710,CBS,C B S CORP NEW,A,CBSA,517510,N,A,R,21866,0,1,4833,12485710,,,,,,,,,48.000,483.000,,,,,,,,,,,,,,,26.800,27.200,26.980,408000.000,-0.006262,26.960,26.980,65743.000,1.000,1.000,26.950,,-0.006262,0.004,0.004,0.007,0.007,0.004
75104,2006/01/10,,11,1,4841,12485710,CBS,C B S CORP NEW,A,CBSA,517510,N,A,R,21866,0,1,4833,12485710,,,,,,,,,48.000,483.000,,,,,,,,,,,,,,,26.440,27.250,26.490,843300.000,-0.018162,26.470,26.510,65743.000,1.000,1.000,26.950,,-0.018162,0.001,0.001,0.004,0.004,-0.000
75104,2006/01/11,,11,1,4841,12485710,CBS,C B S CORP NEW,A,CBSA,517510,N,A,R,21866,0,1,4833,12485710,,,,,,,,,48.000,483.000,,,,,,,,,,,,,,,26.140,26.900,26.270,723600.000,-0.008305,26.220,26.280,65743.000,1.000,1.000,26.400,,-0.008305,0.003,0.003,0.003,0.003,0.003
75104,2006/01/12,,11,1,4841,12485710,CBS,C B S CORP NEW,A,CBSA,517510,N,A,R,21866,0,1,4833,12485710,,,,,,,,,48.000,483.000,,,,,,,,,,,,,,,25.600,26.140,26.030,198500.000,-0.009136,26.030,26.100,65743.000,1.000,1.000,26.020,,-0.009136,-0.006,-0.006,-0.003,-0.003,-0.006
75104,2006/01/13,,11,1,4841,12485710,CBS,C B S CORP NEW,A,CBSA,517510,N,A,R,21866,0,1,4833,12485710,,,,,,,,,48.000,483.000,,,,,,,,,,,,,,,25.440,26.030,25.530,294500.000,-0.019209,25.530,25.590,65743.000,1.000,1.000,25.870,,-0.019209,0.001,0.001,0.003,0.003,0.001
75104,2006/01/17,,11,1,4841,12485710,CBS,C B S CORP NEW,A,CBSA,517510,N,A,R,21866,0,1,4833,12485710,,,,,,,,,48.000,483.000,,,,,,,,,,,,,,,25.000,25.670,25.090,275500.000,-0.017235,25.010,25.090,65743.000,1.000,1.000,25.200,,-0.017235,-0.003,-0.003,-0.003,-0.003,-0.004
75104,2006/01/18,,11,1,4841,12485710,CBS,C B S CORP NEW,A,CBSA,517510,N,A,R,21866,0,1,4833,12485710,,,,,,,,,48.000,483.000,,,,,,,,,,,,,,,24.890,25.650,25.620,90500.000,0.021124,25.610,25.660,65743.000,1.000,1.000,25.010,,0.021124,-0.004,-0.004,-0.002,-0.002,-0.004
75104,2006/01/19,,11,1,4841,12485710,CBS,C B S CORP NEW,A,CBSA,517510,N,A,R,21866,0,1,4833,12485710,,,,,,,,,48.000,483.000,,,,,,,,,,,,,,,25.280,25.680,25.560,232200.000,-0.002342,25.530,25.580,65743.000,1.000,1.000,25.450,,-0.002342,0.008,0.008,0.010,0.010,0.006
75104,2006/01/20,,11,1,4841,12485710,CBS,C B S CORP NEW,A,CBSA,517510,N,A,R,21866,0,1,4833,12485710,,,,,,,,,48.000,483.000,,,,,,,,,,,,,,,24.960,25.700,24.960,80600.000,-0.023474,24.940,24.980,65743.000,1.000,1.000,25.560,,-0.023474,-0.016,-0.016,-0.009,-0.009,-0.018
75104,2006/01/23,,11,1,4841,12485710,CBS,C B S CORP NEW,A,CBSA,517510,N,A,R,21866,0,1,4833,12485710,,,,,,,,,48.000,483.000,,,,,,,,,,,,,,,25.030,25.890,25.850,307200.000,0.035657,25.840,25.850,65743.000,1.000,1.000,25.050,,0.035657,0.003,0.003,0.003,0.003,0.002
75104,2006/01/24,,11,1,4841,12485710,CBS,C B S CORP NEW,A,CBSA,517510,N,A,R,21866,0,1,4833,12485710,,,,,,,,,48.000,483.000,,,,,,,,,,,,,,,25.830,26.990,26.890,179300.000,0.040232,26.900,26.910,65743.000,1.000,1.000,25.850,,0.040232,0.004,0.004,0.008,0.008,0.002
75104,2006/01/25,,11,1,4841,12485710,CBS,C B S CORP NEW,A,CBSA,517510,N,A,R,21866,0,1,4833,12485710,,,,,,,,,48.000,483.000,,,,,,,,,,,,,,,26.130,26.920,26.440,109700.000,-0.016735,26.350,26.440,65743.000,1.000,1.000,26.920,,-0.016735,-0.002,-0.002,-0.000,-0.000,-0.002
75104,2006/01/26,,11,1,4841,12485710,CBS,C B S CORP NEW,A,CBSA,517510,N,A,R,21866,0,1,4833,12485710,,,,,,,,,48.000,483.000,,,,,,,,,,,,,,,26.520,27.110,26.870,294300.000,0.016263,26.850,26.900,65743.000,1.000,1.000,26.520,,0.016263,0.008,0.008,0.009,0.009,0.007
75104,2006/01/27,,11,1,4841,12485710,CBS,C B S CORP NEW,A,CBSA,517510,N,A,R,21866,0,1,4833,12485710,,,,,,,,,48.000,483.000,,,,,,,,,,,,,,,26.500,27.310,26.840,294900.000,-0.001117,26.840,26.860,65743.000,1.000,1.000,26.700,,-0.001117,0.007,0.007,0.005,0.005,0.008
75104,2006/01/30,,11,1,4841,12485710,CBS,C B S CORP NEW,A,CBSA,517510,N,A,R,21866,0,1,4833,12485710,,,,,,,,,48.000,483.000,,,,,,,,,,,,,,,26.790,27.510,27.380,353000.000,0.020119,27.350,27.450,65743.000,1.000,1.000,26.840,,0.020119,0.002,0.002,0.003,0.003,0.001
75104,2006/01/31,,11,1,4841,12485710,CBS,C B S CORP NEW,A,CBSA,517510,N,A,R,21866,0,1,4833,12485710,,,,,,,,0.000,48.000,483.000,,,,,,,,,,,,,,,26.180,27.190,26.200,93000.000,-0.043097,26.200,26.270,65743.000,1.000,1.000,27.190,,-0.043097,-0.002,-0.002,0.003,0.003,-0.004
75104,2006/02/01,,11,1,4841,12485710,CBS,C B S CORP NEW,A,CBSA,517510,N,A,R,21866,0,1,4833,12485710,,,,,,,,,48.000,483.000,,,,,,,,,,,,,,,26.140,26.680,26.300,220600.000,0.003817,26.230,26.320,65743.000,1.000,1.000,26.200,,0.003817,0.001,0.001,0.002,0.002,0.002
75104,2006/02/02,,11,1,4841,12485710,CBS,C B S CORP NEW,A,CBSA,517510,N,A,R,21866,0,1,4833,12485710,,,,,,,,,48.000,483.000,,,,,,,,,,,,,,,25.610,26.390,25.750,102700.000,-0.020913,25.680,25.760,65743.000,1.000,1.000,26.200,,-0.020913,-0.008,-0.009,-0.006,-0.006,-0.009
75104,2006/02/03,,11,1,4841,12485710,CBS,C B S CORP NEW,A,CBSA,517510,N,A,R,21866,0,1,4833,12485710,,,,,,,,,48.000,483.000,,,,,,,,,,,,,,,25.350,26.080,25.750,111600.000,0.000000,25.740,25.780,65743.000,1.000,1.000,25.660,,0.000000,-0.005,-0.005,-0.002,-0.002,-0.005
75104,2006/02/06,,11,1,4841,12485710,CBS,C B S CORP NEW,A,CBSA,517510,N,A,R,21866,0,1,4833,12485710,,,,,,,,,48.000,483.000,,,,,,,,,,,,,,,25.700,26.150,25.920,109400.000,0.006602,25.890,25.940,65743.000,1.000,1.000,25.730,,0.006602,0.002,0.002,0.003,0.003,0.001
75104,2006/02/07,,11,1,4841,12485710,CBS,C B S CORP NEW,A,CBSA,517510,N,A,R,21866,0,1,4833,12485710,,,,,,,,2.000,48.000,483.000,,,,,,,,,,,,,,,25.550,26.140,25.550,174600.000,-0.014275,25.540,25.560,65743.000,1.000,1.000,25.930,,-0.014275,-0.010,-0.010,-0.009,-0.009,-0.008
75104,2006/02/08,,11,1,4841,12485710,CBS,C B S CORP NEW,A,CBSA,517510,N,A,R,21866,0,1,4833,12485710,,,,,,,,,48.000,483.000,,,,,,,,,,,,,,,25.550,26.070,25.980,44100.000,0.016830,25.960,25.980,65743.000,1.000,1.000,25.550,,0.016830,0.007,0.006,0.004,0.003,0.009
75104,2006/02/09,,11,1,4841,12485710,CBS,C B S CORP NEW,A,CBSA,517510,N,A,R,21866,0,1,4833,12485710,,,,,,,,,48.000,483.000,,,,,,,,,,,,,,,25.570,26.000,25.620,72200.000,-0.013857,25.570,25.660,65743.000,1.000,1.000,25.800,,-0.013857,-0.002,-0.002,0.000,0.000,-0.001
75104,2006/02/10,,11,1,4841,12485710,CBS,C B S CORP NEW,A,CBSA,517510,N,A,R,21866,0,1,4833,12485710,,,,,,,,,48.000,483.000,,,,,,,,,,,,,,,25.300,25.720,25.440,79400.000,-0.007026,25.430,25.450,65743.000,1.000,1.000,25.720,,-0.007026,0.001,0.001,-0.001,-0.002,0.003
75104,2006/02/13,,11,1,4841,12485710,CBS,C B S CORP NEW,A,CBSA,517510,N,A,R,21866,0,1,4833,12485710,,,,,,,,,48.000,483.000,,,,,,,,,,,,,,,25.160,25.610,25.510,116100.000,0.002752,25.500,25.560,65743.000,1.000,1.000,25.210,,0.002752,-0.005,-0.005,-0.006,-0.006,-0.003
75104,2006/02/14,,11,1,4841,12485710,CBS,C B S CORP NEW,A,CBSA,517510,N,A,R,21866,0,1,4833,12485710,,,,,,,,,48.000,483.000,,,,,,,,,,,,,,,25.300,25.800,25.590,51400.000,0.003136,25.540,25.590,65743.000,1.000,1.000,25.400,,0.003136,0.009,0.009,0.007,0.007,0.010
75104,2006/02/15,,11,1,4841,12485710,CBS,C B S CORP NEW,A,CBSA,517510,N,A,R,21866,0,1,4833,12485710,,,,,,,,,48.000,483.000,,,,,,,,,,,,,,,25.530,25.810,25.590,120500.000,0.000000,25.570,25.640,65743.000,1.000,1.000,25.620,,0.000000,0.003,0.003,0.004,0.004,0.004
75104,2006/02/16,,11,1,4841,12485710,CBS,C B S CORP NEW,A,CBSA,517510,N,A,R,21866,0,1,4833,12485710,,,,,,,,,48.000,483.000,,,,,,,,,,,,,,,25.130,25.600,25.140,137400.000,-0.017585,25.110,25.140,65743.000,1.000,1.000,25.600,,-0.017585,0.008,0.008,0.007,0.007,0.007
75104,2006/02/17,,11,1,4841,12485710,CBS,C B S CORP NEW,A,CBSA,517510,N,A,R,21866,0,1,4833,12485710,,,,,,,,,48.000,483.000,,,,,,,,,,,,,,,25.040,25.900,25.770,56600.000,0.025060,25.780,25.810,65743.000,1.000,1.000,25.180,,0.025060,-0.001,-0.001,0.001,0.001,-0.002
75104,2006/02/21,,11,1,4841,12485710,CBS,C B S CORP NEW,A,CBSA,517510,N,A,R,21866,0,1,4833,12485710,,,,,,,,,48.000,483.000,,,,,,,,,,,,,,,25.150,26.020,25.260,89200.000,-0.019790,25.240,25.320,65743.000,1.000,1.000,25.920,,-0.019790,-0.003,-0.003,-0.002,-0.002,-0.003
75104,2006/02/22,,11,1,4841,12485710,CBS,C B S CORP NEW,A,CBSA,517510,N,A,R,21866,0,1,4833,12485710,,,,,,,,,48.000,483.000,,,,,,,,,,,,,,,25.100,25.540,25.200,119500.000,-0.002375,25.200,25.240,65743.000,1.000,1.000,25.380,,-0.002375,0.007,0.007,0.005,0.005,0.008
75104,2006/02/23,,11,1,4841,12485710,CBS,C B S CORP NEW,A,CBSA,517510,N,A,R,21866,0,1,4833,12485710,,,,,,,,,48.000,483.000,,,,,,,,,,,,,,,24.840,25.520,25.160,204700.000,-0.001587,25.160,25.180,65743.000,1.000,1.000,25.100,,-0.001587,-0.003,-0.003,-0.000,-0.000,-0.004
75104,2006/02/24,,11,1,4841,12485710,CBS,C B S CORP NEW,A,CBSA,517510,N,A,R,21866,0,1,4833,12485710,2006/01/25,,,,,2006/04/01,2006/02/28,2.000,48.000,483.000,1232.000,0.160,0.000,0.000,,,,,,,,,,,24.530,25.230,24.540,118600.000,-0.018283,24.530,24.550,65743.000,1.000,1.000,25.080,,-0.024642,0.002,0.002,0.004,0.004,0.001
75104,2006/02/27,,11,1,4841,12485710,CBS,C B S CORP NEW,A,CBSA,517510,N,A,R,21866,0,1,4833,12485710,,,,,,,,,48.000,483.000,,,,,,,,,,,,,,,24.510,25.020,24.800,218700.000,0.010595,24.790,24.820,65743.000,1.000,1.000,24.510,,0.010595,0.003,0.003,0.003,0.003,0.004
75104,2006/02/28,,11,1,4841,12485710,CBS,C B S CORP NEW,A,CBSA,517510,N,A,R,21866,0,1,4833,12485710,,,,,,,,0.000,48.000,483.000,,,,,,,,,,,,,,,24.370,24.800,24.470,54700.000,-0.013306,24.420,24.470,65743.000,1.000,1.000,24.710,,-0.013306,-0.010,-0.010,-0.007,-0.007,-0.010
75104,2006/03/01,,11,1,4841,12485710,CBS,C B S CORP NEW,A,CBSA,517510,N,A,R,21866,0,1,4833,12485710,,,,,,,,,48.000,483.000,,,,,,,,,,,,,,,24.210,24.720,24.610,248800.000,0.005721,24.610,24.630,65743.000,1.000,1.000,24.460,,0.005721,0.009,0.009,0.009,0.009,0.008
75104,2006/03/02,,11,1,4841,12485710,CBS,C B S CORP NEW,A,CBSA,517510,N,A,R,21866,0,1,4833,12485710,,,,,,,,,48.000,483.000,,,,,,,,,,,,,,,23.930,24.310,24.070,267400.000,-0.021942,24.020,24.080,65743.000,1.000,1.000,24.200,,-0.021942,-0.000,-0.000,0.000,0.000,-0.002
75104,2006/03/03,,11,1,4841,12485710,CBS,C B S CORP NEW,A,CBSA,517510,N,A,R,21866,0,1,4833,12485710,,,,,,,,,48.000,483.000,,,,,,,,,,,,,,,23.860,24.310,24.020,110200.000,-0.002077,24.000,24.020,65743.000,1.000,1.000,24.000,,-0.002077,-0.001,-0.001,-0.001,-0.001,-0.001
75104,2006/03/06,,11,1,4841,12485710,CBS,C B S CORP NEW,A,CBSA,517510,N,A,R,21866,0,1,4833,12485710,,,,,,,,,48.000,483.000,,,,,,,,,,,,,,,23.900,24.450,23.960,94000.000,-0.002498,23.950,23.970,65743.000,1.000,1.000,24.040,,-0.002498,-0.007,-0.007,-0.006,-0.006,-0.007
75104,2006/03/07,,11,1,4841,12485710,CBS,C B S CORP NEW,A,CBSA,517510,N,A,R,21866,0,1,4833,12485710,,,,,,,,,48.000,483.000,,,,,,,,,,,,,,,23.950,24.400,24.350,83500.000,0.016277,24.350,24.360,65743.000,1.000,1.000,23.950,,0.016277,-0.005,-0.005,-0.010,-0.010,-0.002
75104,2006/03/08,,11,1,4841,12485710,CBS,C B S CORP NEW,A,CBSA,517510,N,A,R,21866,0,1,4833,12485710,,,,,,,,,48.000,483.000,,,,,,,,,,,,,,,24.030,24.380,24.110,54400.000,-0.009856,24.090,24.130,65743.000,1.000,1.000,24.360,,-0.009856,0.001,0.000,-0.001,-0.001,0.002
75104,2006/03/09,,11,1,4841,12485710,CBS,C B S CORP NEW,A,CBSA,517510,N,A,R,21866,0,1,4833,12485710,,,,,,,,,48.000,483.000,,,,,,,,,,,,,,,23.930,24.180,23.960,134900.000,-0.006222,23.960,24.000,65743.000,1.000,1.000,24.080,,-0.006222,-0.004,-0.004,-0.002,-0.002,-0.005
75104,2006/03/10,,11,1,4841,12485710,CBS,C B S CORP NEW,A,CBSA,517510,N,A,R,21866,0,1,4833,12485710,,,,,,,,,48.000,483.000,,,,,,,,,,,,,,,23.870,24.200,23.980,135600.000,0.000835,23.930,24.000,65743.000,1.000,1.000,24.060,,0.000835,0.007,0.007,0.007,0.006,0.007
75104,2006/03/13,,11,1,4841,12485710,CBS,C B S CORP NEW,A,CBSA,517510,N,A,R,21866,0,1,4833,12485710,,,,,,,,,48.000,483.000,,,,,,,,,,,,,,,24.000,24.200,24.040,63300.000,0.002502,24.030,24.050,65743.000,1.000,1.000,24.070,,0.002502,0.003,0.002,0.003,0.002,0.002
75104,2006/03/14,,11,1,4841,12485710,CBS,C B S CORP NEW,A,CBSA,517510,N,A,R,21866,0,1,4833,12485710,,,,,,,,,48.000,483.000,,,,,,,,,,,,,,,23.950,24.100,23.980,59000.000,-0.002496,23.950,24.000,65743.000,1.000,1.000,24.010,,-0.002496,0.010,0.010,0.007,0.007,0.010
75104,2006/03/15,,11,1,4841,12485710,CBS,C B S CORP NEW,A,CBSA,517510,N,A,R,21866,0,1,4833,12485710,,,,,,,,,48.000,483.000,,,,,,,,,,,,,,,23.930,24.420,24.350,66500.000,0.015430,24.350,24.360,65743.000,1.000,1.000,23.990,,0.015430,0.005,0.005,0.006,0.006,0.004
75104,2006/03/16,,11,1,4841,12485710,CBS,C B S CORP NEW,A,CBSA,517510,N,A,R,21866,0,1,4833,12485710,,,,,,,,,48.000,483.000,,,,,,,,,,,,,,,24.180,24.450,24.210,46300.000,-0.005750,24.200,24.220,65743.000,1.000,1.000,24.450,,-0.005750,0.002,0.002,0.002,0.002,0.002
75104,2006/03/17,,11,1,4841,12485710,CBS,C B S CORP NEW,A,CBSA,517510,N,A,R,21866,0,1,4833,12485710,,,,,,,,,48.000,483.000,,,,,,,,,,,,,,,24.180,24.710,24.610,115800.000,0.016522,24.590,24.610,65743.000,1.000,1.000,24.240,,0.016522,0.001,0.001,0.002,0.002,0.001
75104,2006/03/20,,11,1,4841,12485710,CBS,C B S CORP NEW,A,CBSA,517510,N,A,R,21866,0,1,4833,12485710,,,,,,,,,48.000,483.000,,,,,,,,,,,,,,,24.230,24.670,24.380,66400.000,-0.009346,24.370,24.400,65743.000,1.000,1.000,24.610,,-0.009346,-0.001,-0.001,0.000,0.000,-0.002
75104,2006/03/21,,11,1,4841,12485710,CBS,C B S CORP NEW,A,CBSA,517510,N,A,R,21866,0,1,4833,12485710,,,,,,,,,48.000,483.000,,,,,,,,,,,,,,,24.550,24.790,24.730,129900.000,0.014356,24.730,24.740,65743.000,1.000,1.000,24.550,,0.014356,-0.007,-0.007,-0.007,-0.007,-0.006
75104,2006/03/22,,11,1,4841,12485710,CBS,C B S CORP NEW,A,CBSA,517510,N,A,R,21866,0,1,4833,12485710,,,,,,,,,48.000,483.000,,,,,,,,,,,,,,,24.733,25.090,25.070,71200.000,0.013748,25.010,25.070,65743.000,1.000,1.000,24.820,,0.013748,0.006,0.006,0.006,0.006,0.006
75104,2006/03/23,,11,1,4841,12485710,CBS,C B S CORP NEW,A,CBSA,517510,N,A,R,21866,0,1,4833,12485710,,,,,,,,,48.000,483.000,,,,,,,,,,,,,,,24.870,25.150,24.910,263100.000,-0.006382,24.870,24.910,65743.000,1.000,1.000,24.980,,-0.006382,-0.001,-0.001,0.003,0.003,-0.003
75104,2006/03/24,,11,1,4841,12485710,CBS,C B S CORP NEW,A,CBSA,517510,N,A,R,21866,0,1,4833,12485710,,,,,,,,,48.000,483.000,,,,,,,,,,,,,,,24.760,25.050,25.030,84500.000,0.004817,25.020,25.030,65743.000,1.000,1.000,24.910,,0.004817,0.003,0.003,0.006,0.006,0.001
75104,2006/03/27,,11,1,4841,12485710,CBS,C B S CORP NEW,A,CBSA,517510,N,A,R,21866,0,1,4833,12485710,,,,,,,,,48.000,483.000,,,,,,,,,,,,,,,24.560,25.040,24.780,139200.000,-0.009988,24.750,24.780,65743.000,1.000,1.000,25.000,,-0.009988,-0.001,-0.001,0.001,0.001,-0.001
75104,2006/03/28,,11,1,4841,12485710,CBS,C B S CORP NEW,A,CBSA,517510,N,A,R,21866,0,1,4833,12485710,,,,,,,,,48.000,483.000,,,,,,,,,,,,,,,24.300,24.700,24.450,207600.000,-0.013317,24.420,24.460,65743.000,1.000,1.000,24.700,,-0.013317,-0.005,-0.005,-0.002,-0.003,-0.006
75104,2006/03/29,,11,1,4841,12485710,CBS,C B S CORP NEW,A,CBSA,517510,N,A,R,21866,0,1,4833,12485710,,,,,,,,,48.000,483.000,,,,,,,,,,,,,,,24.210,24.550,24.510,267400.000,0.002454,24.440,24.510,65743.000,1.000,1.000,24.460,,0.002454,0.009,0.009,0.011,0.011,0.007
75104,2006/03/30,,11,1,4841,12485710,CBS,C B S CORP NEW,A,CBSA,517510,N,A,R,21866,0,1,4833,12485710,,,,,,,,,48.000,483.000,,,,,,,,,,,,,,,24.380,24.700,24.390,163600.000,-0.004896,24.350,24.390,65743.000,1.000,1.000,24.650,,-0.004896,-0.001,-0.001,0.001,0.001,-0.002
75104,2006/03/31,,11,1,4841,12485710,CBS,C B S CORP NEW,A,CBSA,517510,N,A,R,21866,0,1,4833,12485710,,,,,,,,0.000,48.000,483.000,,,,,,,,,,,,,,,24.050,24.350,24.100,371900.000,-0.011890,24.100,24.120,65743.000,1.000,1.000,24.290,,-0.011890,-0.003,-0.003,0.004,0.004,-0.004
75104,2006/04/03,,11,1,4841,12485710,CBS,C B S CORP NEW,A,CBSA,517510,N,A,R,21866,0,1,4833,12485710,,,,,,,,,48.000,483.000,,,,,,,,,,,,,,,24.130,24.770,24.720,75000.000,0.025726,24.700,24.970,65743.000,1.000,1.000,24.150,,0.025726,0.001,0.001,-0.003,-0.003,0.002
75104,2006/04/04,,11,1,4841,12485710,CBS,C B S CORP NEW,A,CBSA,517510,N,A,R,21866,0,1,4833,12485710,,,,,,,,,48.000,483.000,,,,,,,,,,,,,,,24.540,24.830,24.810,90500.000,0.003641,24.790,24.820,65743.000,1.000,1.000,24.620,,0.003641,0.006,0.006,0.002,0.002,0.006
75104,2006/04/05,,11,1,4841,12485710,CBS,C B S CORP NEW,A,CBSA,517510,N,A,R,21866,0,1,4833,12485710,,,,,,,,,48.000,483.000,,,,,,,,,,,,,,,24.730,25.050,24.970,103900.000,0.006449,24.950,24.960,65743.000,1.000,1.000,24.810,,0.006449,0.005,0.005,0.004,0.004,0.004
75104,2006/04/06,,11,1,4841,12485710,CBS,C B S CORP NEW,A,CBSA,517510,N,A,R,21866,0,1,4833,12485710,,,,,,,,,48.000,483.000,,,,,,,,,,,,,,,24.810,25.550,25.540,119600.000,0.022827,25.490,25.550,65743.000,1.000,1.000,24.870,,0.022827,-0.001,-0.001,0.001,0.001,-0.002
75104,2006/04/07,,11,1,4841,12485710,CBS,C B S CORP NEW,A,CBSA,517510,N,A,R,21866,0,1,4833,12485710,,,,,,,,,48.000,483.000,,,,,,,,,,,,,,,25.010,25.490,25.160,71300.000,-0.014879,25.140,25.240,65743.000,1.000,1.000,25.490,,-0.014879,-0.010,-0.010,-0.007,-0.007,-0.010
75104,2006/04/10,,11,1,4841,12485710,CBS,C B S CORP NEW,A,CBSA,517510,N,A,R,21866,0,1,4833,12485710,,,,,,,,,48.000,483.000,,,,,,,,,,,,,,,24.900,25.190,25.000,47800.000,-0.006359,24.920,25.000,65743.000,1.000,1.000,25.160,,-0.006359,0.000,0.000,-0.002,-0.002,0.001
75104,2006/04/11,,11,1,4841,12485710,CBS,C B S CORP NEW,A,CBSA,517510,N,A,R,21866,0,1,4833,12485710,,,,,,,,,48.000,483.000,,,,,,,,,,,,,,,24.519,25.020,24.670,37000.000,-0.013200,24.670,24.680,65743.000,1.000,1.000,25.010,,-0.013200,-0.008,-0.008,-0.009,-0.010,-0.008
75104,2006/04/12,,11,1,4841,12485710,CBS,C B S CORP NEW,A,CBSA,517510,N,A,R,21866,0,1,4833,12485710,,,,,,,,,48.000,483.000,,,,,,,,,,,,,,,24.540,24.810,24.590,104000.000,-0.003243,24.550,24.620,65743.000,1.000,1.000,24.630,,-0.003243,0.002,0.002,0.003,0.003,0.001
75104,2006/04/13,,11,1,4841,12485710,CBS,C B S CORP NEW,A,CBSA,517510,N,A,R,21866,0,1,4833,12485710,,,,,,,,,48.000,483.000,,,,,,,,,,,,,,,24.530,24.920,24.880,64500.000,0.011793,24.870,24.880,65743.000,1.000,1.000,24.590,,0.011793,0.001,0.001,0.003,0.003,0.001
75104,2006/04/17,,11,1,4841,12485710,CBS,C B S CORP NEW,A,CBSA,517510,N,A,R,21866,0,1,4833,12485710,,,,,,,,,48.000,483.000,,,,,,,,,,,,,,,24.540,24.920,24.760,66800.000,-0.004823,24.720,24.780,65743.000,1.000,1.000,24.870,,-0.004823,-0.001,-0.002,-0.001,-0.001,-0.003
75104,2006/04/18,,11,1,4841,12485710,CBS,C B S CORP NEW,A,CBSA,517510,N,A,R,21866,0,1,4833,12485710,,,,,,,,,48.000,483.000,,,,,,,,,,,,,,,24.250,24.930,24.860,69900.000,0.004039,24.810,24.920,65743.000,1.000,1.000,24.800,,0.004039,0.017,0.017,0.014,0.014,0.017
75104,2006/04/19,,11,1,4841,12485710,CBS,C B S CORP NEW,A,CBSA,517510,N,A,R,21866,0,1,4833,12485710,,,,,,,,,48.000,483.000,,,,,,,,,,,,,,,24.430,24.800,24.600,40200.000,-0.010459,24.590,24.600,65743.000,1.000,1.000,24.750,,-0.010459,0.004,0.004,0.008,0.008,0.002
75104,2006/04/20,,11,1,4841,12485710,CBS,C B S CORP NEW,A,CBSA,517510,N,A,R,21866,0,1,4833,12485710,,,,,,,,,48.000,483.000,,,,,,,,,,,,,,,24.470,24.690,24.510,93700.000,-0.003659,24.500,24.580,65743.000,1.000,1.000,24.530,,-0.003659,-0.001,-0.001,-0.002,-0.002,0.001
75104,2006/04/21,,11,1,4841,12485710,CBS,C B S CORP NEW,A,CBSA,517510,N,A,R,21866,0,1,4833,12485710,,,,,,,,,48.000,483.000,,,,,,,,,,,,,,,24.520,24.820,24.780,66700.000,0.011016,24.530,24.840,65743.000,1.000,1.000,24.700,,0.011016,0.000,0.000,0.001,0.001,-0.000
75104,2006/04/24,,11,1,4841,12485710,CBS,C B S CORP NEW,A,CBSA,517510,N,A,R,21866,0,1,4833,12485710,,,,,,,,,48.000,483.000,,,,,,,,,,,,,,,24.650,24.930,24.850,55100.000,0.002825,24.800,24.850,65743.000,1.000,1.000,24.680,,0.002825,-0.003,-0.003,-0.003,-0.003,-0.002
75104,2006/04/25,,11,1,4841,12485710,CBS,C B S CORP NEW,A,CBSA,517510,N,A,R,21866,0,1,4833,12485710,,,,,,,,,48.000,483.000,,,,,,,,,,,,,,,24.690,25.390,25.370,64400.000,0.020926,25.330,25.390,65743.000,1.000,1.000,24.840,,0.020926,-0.004,-0.004,-0.001,-0.001,-0.005
75104,2006/04/26,,11,1,4841,12485710,CBS,C B S CORP NEW,A,CBSA,517510,N,A,R,21866,0,1,4833,12485710,,,,,,,,,48.000,483.000,,,,,,,,,,,,,,,25.080,25.580,25.140,71100.000,-0.009066,25.130,25.140,65743.000,1.000,1.000,25.370,,-0.009066,0.002,0.002,0.002,0.002,0.003
75104,2006/04/27,,11,1,4841,12485710,CBS,C B S CORP NEW,A,CBSA,517510,N,A,R,21866,0,1,4833,12485710,,,,,,,,,48.000,483.000,,,,,,,,,,,,,,,25.130,25.590,25.470,69400.000,0.013126,25.470,25.480,65743.000,1.000,1.000,25.130,,0.013126,0.002,0.002,-0.002,-0.002,0.003
75104,2006/04/28,,11,1,4841,12485710,CBS,C B S CORP NEW,A,CBSA,517510,N,A,R,21866,0,1,4833,12485710,,,,,,,,0.000,48.000,483.000,,,,,,,,,,,,,,,25.320,25.550,25.460,52100.000,-0.000393,25.440,25.450,64210.000,1.000,1.000,25.460,,-0.000393,0.001,0.001,0.003,0.003,0.001
75104,2006/05/01,,11,1,4841,12485710,CBS,C B S CORP NEW,A,CBSA,517510,N,A,R,21866,0,1,4833,12485710,,,,,,,,,48.000,483.000,,,,,,,,,,,,,,,25.450,26.010,25.700,74400.000,0.009427,25.690,25.710,64210.000,1.000,1.000,25.460,,0.009427,-0.003,-0.003,-0.003,-0.003,-0.004
75104,2006/05/02,,11,1,4841,12485710,CBS,C B S CORP NEW,A,CBSA,517510,N,A,R,21866,0,1,4833,12485710,,,,,,,,,48.000,483.000,,,,,,,,,,,,,,,25.520,25.870,25.550,75300.000,-0.005837,25.550,25.560,64210.000,1.000,1.000,25.750,,-0.005837,0.006,0.006,0.004,0.004,0.006
75104,2006/05/03,,11,1,4841,12485710,CBS,C B S CORP NEW,A,CBSA,517510,N,A,R,21866,0,1,4833,12485710,,,,,,,,,48.000,483.000,,,,,,,,,,,,,,,25.480,25.770,25.710,47800.000,0.006262,25.710,25.720,64210.000,1.000,1.000,25.510,,0.006262,-0.003,-0.003,-0.000,-0.000,-0.004
75104,2006/05/04,,11,1,4841,12485710,CBS,C B S CORP NEW,A,CBSA,517510,N,A,R,21866,0,1,4833,12485710,,,,,,,,,48.000,483.000,,,,,,,,,,,,,,,25.700,26.150,26.040,53100.000,0.012836,25.990,26.070,64210.000,1.000,1.000,25.700,,0.012836,0.004,0.004,0.005,0.005,0.003
75104,2006/05/05,,11,1,4841,12485710,CBS,C B S CORP NEW,A,CBSA,517510,N,A,R,21866,0,1,4833,12485710,,,,,,,,,48.000,483.000,,,,,,,,,,,,,,,26.050,26.440,26.370,45400.000,0.012673,26.340,26.380,64210.000,1.000,1.000,26.050,,0.012673,0.011,0.011,0.007,0.007,0.010
75104,2006/05/08,,11,1,4841,12485710,CBS,C B S CORP NEW,A,CBSA,517510,N,A,R,21866,0,1,4833,12485710,,,,,,,,,48.000,483.000,,,,,,,,,,,,,,,26.370,26.800,26.600,86000.000,0.008722,26.600,26.630,64210.000,1.000,1.000,26.370,,0.008722,-0.000,-0.000,0.001,0.000,-0.001
75104,2006/05/09,,11,1,4841,12485710,CBS,C B S CORP NEW,A,CBSA,517510,N,A,R,21866,0,1,4833,12485710,,,,,,,,,48.000,483.000,,,,,,,,,,,,,,,26.650,26.790,26.680,91000.000,0.003008,26.670,26.700,64210.000,1.000,1.000,26.660,,0.003008,0.001,0.001,-0.000,-0.000,0.000
75104,2006/05/10,,11,1,4841,12485710,CBS,C B S CORP NEW,A,CBSA,517510,N,A,R,21866,0,1,4833,12485710,,,,,,,,,48.000,483.000,,,,,,,,,,,,,,,26.250,26.750,26.300,48800.000,-0.014243,26.300,26.330,64210.000,1.000,1.000,26.680,,-0.014243,-0.001,-0.002,-0.004,-0.004,-0.002
75104,2006/05/11,,11,1,4841,12485710,CBS,C B S CORP NEW,A,CBSA,517510,N,A,R,21866,0,1,4833,12485710,,,,,,,,,48.000,483.000,,,,,,,,,,,,,,,25.880,26.300,25.940,58200.000,-0.013688,25.920,25.930,64210.000,1.000,1.000,26.270,,-0.013688,-0.014,-0.014,-0.015,-0.015,-0.013
75104,2006/05/12,,11,1,4841,12485710,CBS,C B S CORP NEW,A,CBSA,517510,N,A,R,21866,0,1,4833,12485710,,,,,,,,,48.000,483.000,,,,,,,,,,,,,,,25.570,26.000,25.690,74600.000,-0.009638,25.620,25.710,64210.000,1.000,1.000,25.570,,-0.009638,-0.013,-0.013,-0.013,-0.013,-0.011
75104,2006/05/15,,11,1,4841,12485710,CBS,C B S CORP NEW,A,CBSA,517510,N,A,R,21866,0,1,4833,12485710,,,,,,,,,48.000,483.000,,,,,,,,,,,,,,,25.300,25.750,25.630,83400.000,-0.002336,25.630,25.640,64210.000,1.000,1.000,25.620,,-0.002336,-0.001,-0.001,-0.009,-0.009,0.003
75104,2006/05/16,,11,1,4841,12485710,CBS,C B S CORP NEW,A,CBSA,517510,N,A,R,21866,0,1,4833,12485710,,,,,,,,,48.000,483.000,,,,,,,,,,,,,,,25.780,26.420,26.260,111800.000,0.024581,26.290,26.300,64210.000,1.000,1.000,25.830,,0.024581,-0.001,-0.001,0.000,0.000,-0.002
75104,2006/05/17,,11,1,4841,12485710,CBS,C B S CORP NEW,A,CBSA,517510,N,A,R,21866,0,1,4833,12485710,,,,,,,,,48.000,483.000,,,,,,,,,,,,,,,25.780,26.470,25.830,92600.000,-0.016375,25.770,25.830,64210.000,1.000,1.000,26.200,,-0.016375,-0.017,-0.017,-0.013,-0.013,-0.017
75104,2006/05/18,,11,1,4841,12485710,CBS,C B S CORP NEW,A,CBSA,517510,N,A,R,21866,0,1,4833,12485710,,,,,,,,,48.000,483.000,,,,,,,,,,,,,,,25.300,25.800,25.370,45900.000,-0.017809,25.340,25.370,64210.000,1.000,1.000,25.800,,-0.017809,-0.007,-0.007,-0.006,-0.006,-0.007
75104,2006/05/19,,11,1,4841,12485710,CBS,C B S CORP NEW,A,CBSA,517510,N,A,R,21866,0,1,4833,12485710,,,,,,,,,48.000,483.000,,,,,,,,,,,,,,,25.040,25.480,25.220,31700.000,-0.005913,25.160,25.200,64210.000,1.000,1.000,25.430,,-0.005913,0.004,0.004,0.002,0.002,0.004
75104,2006/05/22,,11,1,4841,12485710,CBS,C B S CORP NEW,A,CBSA,517510,N,A,R,21866,0,1,4833,12485710,,,,,,,,,48.000,483.000,,,,,,,,,,,,,,,25.090,25.550,25.220,68000.000,0.000000,25.220,25.230,64210.000,1.000,1.000,25.150,,0.000000,-0.006,-0.006,-0.011,-0.011,-0.004
75104,2006/05/23,,11,1,4841,12485710,CBS,C B S CORP NEW,A,CBSA,517510,N,A,R,21866,0,1,4833,12485710,,,,,,,,,48.000,483.000,,,,,,,,,,,,,,,24.860,25.160,24.860,70200.000,-0.014274,24.850,24.870,64210.000,1.000,1.000,25.160,,-0.014274,-0.003,-0.003,-0.000,-0.000,-0.004
75104,2006/05/24,,11,1,4841,12485710,CBS,C B S CORP NEW,A,CBSA,517510,N,A,R,21866,0,1,4833,12485710,,,,,,,,,48.000,483.000,,,,,,,,,,,,,,,24.970,25.550,25.410,90300.000,0.022124,25.370,25.440,64210.000,1.000,1.000,24.970,,0.022124,-0.000,-0.000,-0.004,-0.004,0.002
75104,2006/05/25,,11,1,4841,12485710,CBS,C B S CORP NEW,A,CBSA,517510,N,A,R,21866,0,1,4833,12485710,,,,,,,,,48.000,483.000,,,,,,,,,,,,,,,25.530,26.300,26.270,97500.000,0.033845,26.270,26.320,64210.000,1.000,1.000,25.590,,0.033845,0.014,0.014,0.013,0.013,0.011
75104,2006/05/26,,11,1,4841,12485710,CBS,C B S CORP NEW,A,CBSA,517510,N,A,R,21866,0,1,4833,12485710,,,,,,,,,48.000,483.000,,,,,,,,,,,,,,,26.038,26.450,26.170,58100.000,-0.003807,26.170,26.180,64210.000,1.000,1.000,26.260,,-0.003807,0.006,0.006,0.007,0.006,0.006
75104,2006/05/30,,11,1,4841,12485710,CBS,C B S CORP NEW,A,CBSA,517510,N,A,R,21866,0,1,4833,12485710,,,,,,,,,48.000,483.000,,,,,,,,,,,,,,,25.530,26.180,25.550,81100.000,-0.023691,25.500,25.550,64210.000,1.000,1.000,26.180,,-0.023691,-0.015,-0.015,-0.013,-0.013,-0.016
75104,2006/05/31,,11,1,4841,12485710,CBS,C B S CORP NEW,A,CBSA,517510,N,A,R,21866,0,1,4833,12485710,,,,,,,,0.000,48.000,483.000,,,,,,,,,,,,,,,25.530,25.900,25.900,40800.000,0.013699,25.890,25.900,64210.000,1.000,1.000,25.550,,0.013699,0.009,0.009,0.008,0.008,0.008
75104,2006/06/01,,11,1,4841,12485710,CBS,C B S CORP NEW,A,CBSA,517510,N,A,R,21866,0,1,4833,12485710,2006/05/25,,,,,2006/07/01,2006/06/05,0.000,48.000,483.000,1232.000,0.180,0.000,0.000,,,,,,,,,,,25.710,26.630,26.620,57100.000,0.034749,26.610,26.620,64210.000,1.000,1.000,25.770,,0.027799,0.013,0.013,0.012,0.012,0.012
75104,2006/06/02,,11,1,4841,12485710,CBS,C B S CORP NEW,A,CBSA,517510,N,A,R,21866,0,1,4833,12485710,,,,,,,,,48.000,483.000,,,,,,,,,,,,,,,26.310,26.820,26.480,60900.000,-0.005259,26.450,26.470,64210.000,1.000,1.000,26.820,,-0.005259,0.003,0.002,0.004,0.004,0.002
75104,2006/06/05,,11,1,4841,12485710,CBS,C B S CORP NEW,A,CBSA,517510,N,A,R,21866,0,1,4833,12485710,,,,,,,,,48.000,483.000,,,,,,,,,,,,,,,26.250,26.810,26.560,103500.000,0.003021,26.520,26.560,64210.000,1.000,1.000,26.400,,0.003021,-0.019,-0.019,-0.016,-0.016,-0.018
75104,2006/06/06,,11,1,4841,12485710,CBS,C B S CORP NEW,A,CBSA,517510,N,A,R,21866,0,1,4833,12485710,,,,,,,,,48.000,483.000,,,,,,,,,,,,,,,26.000,26.820,26.250,93700.000,-0.011672,26.250,26.310,64210.000,1.000,1.000,26.550,,-0.011672,-0.004,-0.004,-0.006,-0.006,-0.001
75104,2006/06/07,,11,1,4841,12485710,CBS,C B S CORP NEW,A,CBSA,517510,N,A,R,21866,0,1,4833,12485710,,,,,,,,,48.000,483.000,,,,,,,,,,,,,,,26.250,26.880,26.720,194100.000,0.017905,26.690,26.720,64210.000,1.000,1.000,26.370,,0.017905,-0.007,-0.007,-0.004,-0.004,-0.006
75104,2006/06/08,,11,1,4841,12485710,CBS,C B S CORP NEW,A,CBSA,517510,N,A,R,21866,0,1,4833,12485710,,,,,,,,,48.000,483.000,,,,,,,,,,,,,,,26.500,27.770,26.540,58000.000,-0.006736,26.510,26.600,64210.000,1.000,1.000,26.710,,-0.006736,-0.001,-0.001,-0.006,-0.006,0.001
75104,2006/06/09,,11,1,4841,12485710,CBS,C B S CORP NEW,A,CBSA,517510,N,A,R,21866,0,1,4833,12485710,,,,,,,,,48.000,483.000,,,,,,,,,,,,,,,25.690,26.450,25.730,68300.000,-0.030520,25.720,25.730,64210.000,1.000,1.000,26.360,,-0.030520,-0.003,-0.003,-0.002,-0.002,-0.004
75104,2006/06/12,,11,1,4841,12485710,CBS,C B S CORP NEW,A,CBSA,517510,N,A,R,21866,0,1,4833,12485710,,,,,,,,,48.000,483.000,,,,,,,,,,,,,,,25.710,26.350,25.730,76600.000,0.000000,25.690,25.760,64210.000,1.000,1.000,26.230,,0.000000,-0.015,-0.015,-0.018,-0.018,-0.013
75104,2006/06/13,,11,1,4841,12485710,CBS,C B S CORP NEW,A,CBSA,517510,N,A,R,21866,0,1,4833,12485710,,,,,,,,,48.000,483.000,,,,,,,,,,,,,,,25.720,26.040,25.790,68500.000,0.002332,25.780,25.790,64210.000,1.000,1.000,25.720,,0.002332,-0.013,-0.013,-0.017,-0.017,-0.010
75104,2006/06/14,,11,1,4841,12485710,CBS,C B S CORP NEW,A,CBSA,517510,N,A,R,21866,0,1,4833,12485710,,,,,,,,,48.000,483.000,,,,,,,,,,,,,,,25.760,26.200,25.820,114300.000,0.001163,25.790,25.820,64210.000,1.000,1.000,25.990,,0.001163,0.005,0.005,0.003,0.003,0.005
75104,2006/06/15,,11,1,4841,12485710,CBS,C B S CORP NEW,A,CBSA,517510,N,A,R,21866,0,1,4833,12485710,,,,,,,,,48.000,483.000,,,,,,,,,,,,,,,25.590,26.280,26.280,42800.000,0.017816,26.260,26.530,64210.000,1.000,1.000,25.850,,0.017816,0.024,0.024,0.024,0.024,0.021
75104,2006/06/16,,11,1,4841,12485710,CBS,C B S CORP NEW,A,CBSA,517510,N,A,R,21866,0,1,4833,12485710,,,,,,,,,48.000,483.000,,,,,,,,,,,,,,,25.620,26.200,26.000,37300.000,-0.010655,25.980,26.030,64210.000,1.000,1.000,26.200,,-0.010655,-0.004,-0.004,-0.005,-0.005,-0.004
75104,2006/06/19,,11,1,4841,12485710,CBS,C B S CORP NEW,A,CBSA,517510,N,A,R,21866,0,1,4833,12485710,,,,,,,,,48.000,483.000,,,,,,,,,,,,,,,25.920,26.090,25.970,49300.000,-0.001154,25.960,25.980,64210.000,1.000,1.000,25.990,,-0.001154,-0.010,-0.010,-0.011,-0.011,-0.009
75104,2006/06/20,,11,1,4841,12485710,CBS,C B S CORP NEW,A,CBSA,517510,N,A,R,21866,0,1,4833,12485710,,,,,,,,,48.000,483.000,,,,,,,,,,,,,,,25.790,26.130,25.820,39700.000,-0.005776,25.770,25.830,64210.000,1.000,1.000,25.970,,-0.005776,-0.001,-0.001,-0.001,-0.001,-0.000
75104,2006/06/21,,11,1,4841,12485710,CBS,C B S CORP NEW,A,CBSA,517510,N,A,R,21866,0,1,4833,12485710,,,,,,,,,48.000,483.000,,,,,,,,,,,,,,,25.730,26.080,26.000,37300.000,0.006971,25.980,26.000,64210.000,1.000,1.000,25.750,,0.006971,0.012,0.012,0.011,0.011,0.010
75104,2006/06/22,,11,1,4841,12485710,CBS,C B S CORP NEW,A,CBSA,517510,N,A,R,21866,0,1,4833,12485710,,,,,,,,,48.000,483.000,,,,,,,,,,,,,,,25.810,26.110,25.960,47400.000,-0.001538,25.880,25.940,64210.000,1.000,1.000,26.040,,-0.001538,-0.005,-0.005,-0.003,-0.003,-0.005
75104,2006/06/23,,11,1,4841,12485710,CBS,C B S CORP NEW,A,CBSA,517510,N,A,R,21866,0,1,4833,12485710,,,,,,,,,48.000,483.000,,,,,,,,,,,,,,,25.850,26.570,26.400,57500.000,0.016949,26.390,26.400,64210.000,1.000,1.000,25.920,,0.016949,0.001,0.001,0.002,0.002,-0.001
75104,2006/06/26,,11,1,4841,12485710,CBS,C B S CORP NEW,A,CBSA,517510,N,A,R,21866,0,1,4833,12485710,,,,,,,,,48.000,483.000,,,,,,,,,,,,,,,26.320,26.560,26.470,70800.000,0.002652,26.470,26.500,64210.000,1.000,1.000,26.400,,0.002652,0.006,0.006,0.005,0.005,0.005
75104,2006/06/27,,11,1,4841,12485710,CBS,C B S CORP NEW,A,CBSA,517510,N,A,R,21866,0,1,4833,12485710,,,,,,,,,48.000,483.000,,,,,,,,,,,,,,,26.280,26.710,26.530,53600.000,0.002267,26.510,26.540,64210.000,1.000,1.000,26.540,,0.002267,-0.010,-0.010,-0.010,-0.010,-0.009
75104,2006/06/28,,11,1,4841,12485710,CBS,C B S CORP NEW,A,CBSA,517510,N,A,R,21866,0,1,4833,12485710,,,,,,,,,48.000,483.000,,,,,,,,,,,,,,,26.370,26.660,26.620,22000.000,0.003392,26.620,26.630,64210.000,1.000,1.000,26.580,,0.003392,0.005,0.005,0.002,0.002,0.005
75104,2006/06/29,,11,1,4841,12485710,CBS,C B S CORP NEW,A,CBSA,517510,N,A,R,21866,0,1,4833,12485710,,,,,,,,,48.000,483.000,,,,,,,,,,,,,,,26.740,26.980,26.950,71500.000,0.012397,26.920,26.950,64210.000,1.000,1.000,26.900,,0.012397,0.024,0.024,0.022,0.022,0.022
75104,2006/06/30,2006/07/25,11,1,4833,12485710,CBS,C B S CORP NEW,A,CBSA,517510,N,A,R,21866,0,1,4833,12485710,,,,,,,,0.000,48.000,483.000,,,,,,,,,,,,,,,26.980,27.220,27.060,92400.000,0.004082,27.050,27.060,64210.000,1.000,1.000,26.980,,0.004082,0.001,0.001,0.008,0.008,-0.002
75104,2006/07/03,,11,1,4833,12485710,CBS,C B S CORP NEW,A,CBSA,517510,N,A,R,21866,0,1,4833,12485710,,,,,,,,,48.000,483.000,,,,,,,,,,,,,,,27.032,27.140,27.100,10600.000,0.001478,27.050,27.100,64210.000,1.000,1.000,27.060,,0.001478,0.008,0.008,0.006,0.006,0.008
75104,2006/07/05,,11,1,4833,12485710,CBS,C B S CORP NEW,A,CBSA,517510,N,A,R,21866,0,1,4833,12485710,,,,,,,,,48.000,483.000,,,,,,,,,,,,,,,26.630,27.080,26.780,41900.000,-0.011808,26.700,26.750,64210.000,1.000,1.000,27.080,,-0.011808,-0.008,-0.009,-0.008,-0.008,-0.007
75104,2006/07/06,,11,1,4833,12485710,CBS,C B S CORP NEW,A,CBSA,517510,N,A,R,21866,0,1,4833,12485710,,,,,,,,,48.000,483.000,,,,,,,,,,,,,,,26.760,27.000,26.850,80400.000,0.002614,26.850,26.870,64210.000,1.000,1.000,27.000,,0.002614,0.002,0.002,0.002,0.002,0.002
75104,2006/07/07,,11,1,4833,12485710,CBS,C B S CORP NEW,A,CBSA,517510,N,A,R,21866,0,1,4833,12485710,,,,,,,,,48.000,483.000,,,,,,,,,,,,,,,26.820,27.370,27.370,54200.000,0.019367,27.370,27.380,64210.000,1.000,1.000,26.850,,0.019367,-0.008,-0.008,-0.009,-0.009,-0.007
75104,2006/07/10,,11,1,4833,12485710,CBS,C B S CORP NEW,A,CBSA,517510,N,A,R,21866,0,1,4833,12485710,,,,,,,,,48.000,483.000,,,,,,,,,,,,,,,27.250,27.590,27.370,49900.000,0.000000,27.330,27.380,64210.000,1.000,1.000,27.430,,0.000000,0.000,0.000,-0.002,-0.002,0.001
75104,2006/07/11,,11,1,4833,12485710,CBS,C B S CORP NEW,A,CBSA,517510,N,A,R,21866,0,1,4833,12485710,,,,,,,,,48.000,483.000,,,,,,,,,,,,,,,27.300,27.490,27.440,34200.000,0.002558,27.400,27.440,64210.000,1.000,1.000,27.370,,0.002558,0.004,0.004,0.003,0.003,0.004
75104,2006/07/12,,11,1,4833,12485710,CBS,C B S CORP NEW,A,CBSA,517510,N,A,R,21866,0,1,4833,12485710,,,,,,,,,48.000,483.000,,,,,,,,,,,,,,,27.410,27.600,27.530,37100.000,0.003280,27.500,27.530,64210.000,1.000,1.000,27.410,,0.003280,-0.011,-0.011,-0.010,-0.010,-0.011
75104,2006/07/13,,11,1,4833,12485710,CBS,C B S CORP NEW,A,CBSA,517510,N,A,R,21866,0,1,4833,12485710,,,,,,,,,48.000,483.000,,,,,,,,,,,,,,,26.820,27.550,26.950,37700.000,-0.021068,26.900,26.980,64210.000,1.000,1.000,27.510,,-0.021068,-0.014,-0.014,-0.015,-0.015,-0.013
75104,2006/07/14,,11,1,4833,12485710,CBS,C B S CORP NEW,A,CBSA,517510,N,A,R,21866,0,1,4833,12485710,,,,,,,,,48.000,483.000,,,,,,,,,,,,,,,26.410,26.750,26.530,55400.000,-0.015584,26.490,26.540,64210.000,1.000,1.000,26.750,,-0.015584,-0.005,-0.005,-0.007,-0.007,-0.005
75104,2006/07/17,,11,1,4833,12485710,CBS,C B S CORP NEW,A,CBSA,517510,N,A,R,21866,0,1,4833,12485710,,,,,,,,,48.000,483.000,,,,,,,,,,,,,,,26.330,26.710,26.630,40000.000,0.003769,26.610,26.630,64210.000,1.000,1.000,26.430,,0.003769,-0.004,-0.004,-0.007,-0.007,-0.001
75104,2006/07/18,,11,1,4833,12485710,CBS,C B S CORP NEW,A,CBSA,517510,N,A,R,21866,0,1,4833,12485710,,,,,,,,,48.000,483.000,,,,,,,,,,,,,,,26.400,26.800,26.510,79700.000,-0.004506,26.510,26.520,64210.000,1.000,1.000,26.550,,-0.004506,0.002,0.002,0.000,0.000,0.002
75104,2006/07/19,,11,1,4833,12485710,CBS,C B S CORP NEW,A,CBSA,517510,N,A,R,21866,0,1,4833,12485710,,,,,,,,,48.000,483.000,,,,,,,,,,,,,,,26.430,26.860,26.550,28300.000,0.001509,26.530,26.550,64210.000,1.000,1.000,26.520,,0.001509,0.020,0.020,0.019,0.019,0.019
75104,2006/07/20,,11,1,4833,12485710,CBS,C B S CORP NEW,A,CBSA,517510,N,A,R,21866,0,1,4833,12485710,,,,,,,,,48.000,483.000,,,,,,,,,,,,,,,26.350,26.550,26.390,34800.000,-0.006026,26.370,26.400,64210.000,1.000,1.000,26.500,,-0.006026,-0.011,-0.011,-0.013,-0.014,-0.008
75104,2006/07/21,,11,1,4833,12485710,CBS,C B S CORP NEW,A,CBSA,517510,N,A,R,21866,0,1,4833,12485710,,,,,,,,,48.000,483.000,,,,,,,,,,,,,,,26.190,26.500,26.260,65600.000,-0.004926,26.260,26.290,64210.000,1.000,1.000,26.300,,-0.004926,-0.009,-0.009,-0.011,-0.011,-0.007
75104,2006/07/24,,11,1,4833,12485710,CBS,C B S CORP NEW,A,CBSA,517510,N,A,R,21866,0,1,4833,12485710,,,,,,,,,48.000,483.000,,,,,,,,,,,,,,,26.160,26.600,26.480,38300.000,0.008378,26.470,26.500,64210.000,1.000,1.000,26.290,,0.008378,0.018,0.018,0.015,0.015,0.017
75104,2006/07/25,,11,1,4833,12485710,CBS,C B S CORP NEW,A,CBSA,517510,N,A,R,21866,0,1,4833,12485710,,,,,,,,,48.000,483.000,,,,,,,,,,,,,,,26.480,26.970,26.870,51600.000,0.014728,26.840,26.880,64210.000,1.000,1.000,26.480,,0.014728,0.008,0.008,0.006,0.006,0.006
75104,2006/07/26,2012/11/26,11,1,4833,12485710,CBS,C B S CORP NEW,A,CBSA,515120,N,A,R,21866,0,1,4833,12485710,,,,,,,,2.000,48.000,483.000,,,,,,,,,,,,,,,26.620,26.890,26.670,43400.000,-0.007443,26.640,26.660,64210.000,1.000,1.000,26.790,,-0.007443,0.000,0.000,0.001,0.001,-0.000
75104,2006/07/27,,11,1,4833,12485710,CBS,C B S CORP NEW,A,CBSA,515120,N,A,R,21866,0,1,4833,12485710,,,,,,,,,48.000,483.000,,,,,,,,,,,,,,,26.670,26.860,26.770,22200.000,0.003750,26.760,26.820,64210.000,1.000,1.000,26.670,,0.003750,-0.005,-0.006,-0.005,-0.006,-0.004
75104,2006/07/28,,11,1,4833,12485710,CBS,C B S CORP NEW,A,CBSA,515120,N,A,R,21866,0,1,4833,12485710,,,,,,,,,48.000,483.000,,,,,,,,,,,,,,,26.770,27.300,27.300,39900.000,0.019798,27.160,27.220,64210.000,1.000,1.000,26.770,,0.019798,0.013,0.013,0.012,0.012,0.012
75104,2006/07/31,,11,1,4833,12485710,CBS,C B S CORP NEW,A,CBSA,515120,N,A,R,21866,0,1,4833,12485710,,,,,,,,0.000,48.000,483.000,,,,,,,,,,,,,,,27.010,27.420,27.380,76800.000,0.002930,27.360,27.410,64210.000,1.000,1.000,27.240,,0.002930,-0.001,-0.001,0.002,0.002,-0.001
75104,2006/08/01,,11,1,4833,12485710,CBS,C B S CORP NEW,A,CBSA,515120,N,A,R,21866,0,1,4833,12485710,,,,,,,,,48.000,483.000,,,,,,,,,,,,,,,26.740,27.290,26.850,40200.000,-0.019357,26.850,26.860,64210.000,1.000,1.000,27.290,,-0.019357,-0.005,-0.005,-0.008,-0.008,-0.004
75104,2006/08/02,,11,1,4833,12485710,CBS,C B S CORP NEW,A,CBSA,515120,N,A,R,21866,0,1,4833,12485710,,,,,,,,,48.000,483.000,,,,,,,,,,,,,,,26.800,27.300,27.210,30300.000,0.013408,27.220,27.210,64210.000,1.000,1.000,26.800,,0.013408,0.007,0.007,0.007,0.007,0.006
75104,2006/08/03,,11,1,4833,12485710,CBS,C B S CORP NEW,A,CBSA,515120,N,A,R,21866,0,1,4833,12485710,,,,,,,,,48.000,483.000,,,,,,,,,,,,,,,25.550,26.760,26.370,62400.000,-0.030871,26.340,26.370,64210.000,1.000,1.000,26.760,,-0.030871,0.002,0.002,0.004,0.004,0.001
75104,2006/08/04,,11,1,4833,12485710,CBS,C B S CORP NEW,A,CBSA,515120,N,A,R,21866,0,1,4833,12485710,,,,,,,,,48.000,483.000,,,,,,,,,,,,,,,26.350,26.710,26.350,96800.000,-0.000758,26.390,26.360,64210.000,1.000,1.000,26.370,,-0.000758,-0.001,-0.001,-0.002,-0.002,-0.001
75104,2006/08/07,,11,1,4833,12485710,CBS,C B S CORP NEW,A,CBSA,515120,N,A,R,21866,0,1,4833,12485710,,,,,,,,,48.000,483.000,,,,,,,,,,,,,,,26.020,26.320,26.160,51400.000,-0.007211,26.160,26.170,64210.000,1.000,1.000,26.050,,-0.007211,-0.003,-0.003,-0.004,-0.004,-0.003
75104,2006/08/08,,11,1,4833,12485710,CBS,C B S CORP NEW,A,CBSA,515120,N,A,R,21866,0,1,4833,12485710,,,,,,,,,48.000,483.000,,,,,,,,,,,,,,,26.120,26.380,26.260,20400.000,0.003823,26.230,26.260,64210.000,1.000,1.000,26.260,,0.003823,-0.004,-0.004,-0.006,-0.006,-0.003
75104,2006/08/09,,11,1,4833,12485710,CBS,C B S CORP NEW,A,CBSA,515120,N,A,R,21866,0,1,4833,12485710,,,,,,,,,48.000,483.000,,,,,,,,,,,,,,,26.210,26.380,26.270,38200.000,0.000381,26.270,26.510,64210.000,1.000,1.000,26.260,,0.000381,-0.004,-0.004,-0.005,-0.005,-0.004
75104,2006/08/10,,11,1,4833,12485710,CBS,C B S CORP NEW,A,CBSA,515120,N,A,R,21866,0,1,4833,12485710,,,,,,,,,48.000,483.000,,,,,,,,,,,,,,,26.210,26.520,26.450,29900.000,0.006852,26.450,26.480,64210.000,1.000,1.000,26.210,,0.006852,0.004,0.004,0.003,0.002,0.005
75104,2006/08/11,,11,1,4833,12485710,CBS,C B S CORP NEW,A,CBSA,515120,N,A,R,21866,0,1,4833,12485710,,,,,,,,,48.000,483.000,,,,,,,,,,,,,,,26.180,26.580,26.340,31000.000,-0.004159,26.320,26.340,64210.000,1.000,1.000,26.420,,-0.004159,-0.005,-0.005,-0.006,-0.007,-0.004
75104,2006/08/14,,11,1,4833,12485710,CBS,C B S CORP NEW,A,CBSA,515120,N,A,R,21866,0,1,4833,12485710,,,,,,,,,48.000,483.000,,,,,,,,,,,,,,,26.330,27.280,27.260,64500.000,0.034928,27.220,27.260,64210.000,1.000,1.000,26.330,,0.034928,0.001,0.001,0.000,0.000,0.001
75104,2006/08/15,,11,1,4833,12485710,CBS,C B S CORP NEW,A,CBSA,515120,N,A,R,21866,0,1,4833,12485710,,,,,,,,,48.000,483.000,,,,,,,,,,,,,,,27.270,27.670,27.600,115700.000,0.012472,27.600,27.640,64210.000,1.000,1.000,27.320,,0.012472,0.015,0.015,0.013,0.013,0.014
75104,2006/08/16,,11,1,4833,12485710,CBS,C B S CORP NEW,A,CBSA,515120,N,A,R,21866,0,1,4833,12485710,,,,,,,,,48.000,483.000,,,,,,,,,,,,,,,27.410,27.760,27.520,103400.000,-0.002899,27.520,27.540,64210.000,1.000,1.000,27.660,,-0.002899,0.009,0.009,0.010,0.010,0.008
75104,2006/08/17,,11,1,4833,12485710,CBS,C B S CORP NEW,A,CBSA,515120,N,A,R,21866,0,1,4833,12485710,,,,,,,,,48.000,483.000,,,,,,,,,,,,,,,27.340,27.690,27.400,50600.000,-0.004360,27.410,27.460,64210.000,1.000,1.000,27.400,,-0.004360,0.001,0.001,0.003,0.003,0.002
75104,2006/08/18,,11,1,4833,12485710,CBS,C B S CORP NEW,A,CBSA,515120,N,A,R,21866,0,1,4833,12485710,,,,,,,,2.000,48.000,483.000,,,,,,,,,,,,,,,27.350,27.600,27.520,31100.000,0.004380,27.490,27.520,64210.000,1.000,1.000,27.350,,0.004380,0.003,0.003,0.003,0.003,0.004
75104,2006/08/21,,11,1,4833,12485710,CBS,C B S CORP NEW,A,CBSA,515120,N,A,R,21866,0,1,4833,12485710,,,,,,,,,48.000,483.000,,,,,,,,,,,,,,,27.490,27.710,27.690,25300.000,0.006177,27.690,27.740,64210.000,1.000,1.000,27.490,,0.006177,-0.003,-0.003,-0.003,-0.003,-0.004
75104,2006/08/22,,11,1,4833,12485710,CBS,C B S CORP NEW,A,CBSA,515120,N,A,R,21866,0,1,4833,12485710,,,,,,,,,48.000,483.000,,,,,,,,,,,,,,,27.690,28.140,28.120,38700.000,0.015529,28.160,28.170,64210.000,1.000,1.000,27.690,,0.015529,0.001,0.001,0.003,0.003,0.001
75104,2006/08/23,,11,1,4833,12485710,CBS,C B S CORP NEW,A,CBSA,515120,N,A,R,21866,0,1,4833,12485710,,,,,,,,,48.000,483.000,,,,,,,,,,,,,,,28.050,28.420,28.270,63000.000,0.005334,28.260,28.280,64210.000,1.000,1.000,28.200,,0.005334,-0.005,-0.005,-0.006,-0.006,-0.004
75104,2006/08/24,,11,1,4833,12485710,CBS,C B S CORP NEW,A,CBSA,515120,N,A,R,21866,0,1,4833,12485710,,,,,,,,,48.000,483.000,,,,,,,,,,,,,,,28.240,28.380,28.350,25700.000,0.002830,28.300,28.330,64210.000,1.000,1.000,28.270,,0.002830,0.001,0.001,0.001,0.001,0.002
75104,2006/08/25,,11,1,4833,12485710,CBS,C B S CORP NEW,A,CBSA,515120,N,A,R,21866,0,1,4833,12485710,,,,,,,,,48.000,483.000,,,,,,,,,,,,,,,28.090,28.600,28.450,177600.000,0.003527,28.430,28.500,64210.000,1.000,1.000,28.230,,0.003527,-0.000,-0.000,0.002,0.002,-0.001
75104,2006/08/28,,11,1,4833,12485710,CBS,C B S CORP NEW,A,CBSA,515120,N,A,R,21866,0,1,4833,12485710,,,,,,,,,48.000,483.000,,,,,,,,,,,,,,,28.630,29.090,28.940,60400.000,0.017223,28.910,28.940,64210.000,1.000,1.000,28.750,,0.017223,0.006,0.006,0.005,0.005,0.005
75104,2006/08/29,,11,1,4833,12485710,CBS,C B S CORP NEW,A,CBSA,515120,N,A,R,21866,0,1,4833,12485710,2006/08/14,,,,,2006/10/01,2006/08/31,2.000,48.000,483.000,1232.000,0.200,0.000,0.000,,,,,,,,,,,28.640,28.970,28.940,74600.000,0.006911,28.900,28.940,64210.000,1.000,1.000,28.720,,0.000000,0.003,0.003,0.007,0.007,0.002
75104,2006/08/30,,11,1,4833,12485710,CBS,C B S CORP NEW,A,CBSA,515120,N,A,R,21866,0,1,4833,12485710,,,,,,,,,48.000,483.000,,,,,,,,,,,,,,,28.560,28.940,28.820,32000.000,-0.004147,28.800,28.820,64210.000,1.000,1.000,28.850,,-0.004147,0.001,0.001,0.005,0.005,-0.000
75104,2006/08/31,,11,1,4833,12485710,CBS,C B S CORP NEW,A,CBSA,515120,N,A,R,21866,0,1,4833,12485710,,,,,,,,0.000,48.000,483.000,,,,,,,,,,,,,,,28.550,28.820,28.560,43800.000,-0.009022,28.550,28.590,62923.000,1.000,1.000,28.780,,-0.009022,0.001,0.001,0.003,0.003,-0.000
75104,2006/09/01,,11,1,4833,12485710,CBS,C B S CORP NEW,A,CBSA,515120,N,A,R,21866,0,1,4833,12485710,,,,,,,,,48.000,483.000,,,,,,,,,,,,,,,28.770,28.980,28.870,35600.000,0.010854,28.830,28.880,62923.000,1.000,1.000,28.810,,0.010854,0.005,0.005,0.004,0.004,0.006
75104,2006/09/05,,11,1,4833,12485710,CBS,C B S CORP NEW,A,CBSA,515120,N,A,R,21866,0,1,4833,12485710,,,,,,,,,48.000,483.000,,,,,,,,,,,,,,,28.550,28.950,28.570,51400.000,-0.010391,28.560,28.610,62923.000,1.000,1.000,28.940,,-0.010391,0.003,0.003,0.004,0.004,0.002
75104,2006/09/06,,11,1,4833,12485710,CBS,C B S CORP NEW,A,CBSA,515120,N,A,R,21866,0,1,4833,12485710,,,,,,,,,48.000,483.000,,,,,,,,,,,,,,,28.160,28.640,28.320,51200.000,-0.008750,28.290,28.330,62923.000,1.000,1.000,28.500,,-0.008750,-0.011,-0.012,-0.013,-0.013,-0.010
75104,2006/09/07,,11,1,4833,12485710,CBS,C B S CORP NEW,A,CBSA,515120,N,A,R,21866,0,1,4833,12485710,,,,,,,,,48.000,483.000,,,,,,,,,,,,,,,28.080,28.570,28.120,17400.000,-0.007062,28.090,28.140,62923.000,1.000,1.000,28.450,,-0.007062,-0.005,-0.005,-0.005,-0.005,-0.005
75104,2006/09/08,,11,1,4833,12485710,CBS,C B S CORP NEW,A,CBSA,515120,N,A,R,21866,0,1,4833,12485710,,,,,,,,,48.000,483.000,,,,,,,,,,,,,,,28.000,28.460,28.460,47700.000,0.012091,28.380,28.460,62923.000,1.000,1.000,28.000,,0.012091,0.002,0.002,0.001,0.001,0.004
75104,2006/09/11,,11,1,4833,12485710,CBS,C B S CORP NEW,A,CBSA,515120,N,A,R,21866,0,1,4833,12485710,,,,,,,,,48.000,483.000,,,,,,,,,,,,,,,28.420,29.280,29.210,70500.000,0.026353,29.210,29.270,62923.000,1.000,1.000,28.450,,0.026353,-0.002,-0.002,-0.004,-0.004,0.000
75104,2006/09/12,,11,1,4833,12485710,CBS,C B S CORP NEW,A,CBSA,515120,N,A,R,21866,0,1,4833,12485710,,,,,,,,,48.000,483.000,,,,,,,,,,,,,,,29.150,29.750,29.340,85200.000,0.004451,29.300,29.350,62923.000,1.000,1.000,29.200,,0.004451,0.011,0.011,0.012,0.012,0.010
75104,2006/09/13,,11,1,4833,12485710,CBS,C B S CORP NEW,A,CBSA,515120,N,A,R,21866,0,1,4833,12485710,,,,,,,,,48.000,483.000,,,,,,,,,,,,,,,28.200,29.330,28.830,79800.000,-0.017382,28.790,28.830,62923.000,1.000,1.000,29.140,,-0.017382,0.005,0.005,0.007,0.006,0.004
75104,2006/09/14,,11,1,4833,12485710,CBS,C B S CORP NEW,A,CBSA,515120,N,A,R,21866,0,1,4833,12485710,,,,,,,,,48.000,483.000,,,,,,,,,,,,,,,28.410,28.900,28.570,65500.000,-0.009018,28.530,28.580,62923.000,1.000,1.000,28.810,,-0.009018,-0.002,-0.002,-0.002,-0.002,-0.001
75104,2006/09/15,,11,1,4833,12485710,CBS,C B S CORP NEW,A,CBSA,515120,N,A,R,21866,0,1,4833,12485710,,,,,,,,,48.000,483.000,,,,,,,,,,,,,,,28.390,28.950,28.590,70400.000,0.000700,28.510,28.590,62923.000,1.000,1.000,28.590,,0.000700,0.002,0.002,0.002,0.001,0.003
75104,2006/09/18,,11,1,4833,12485710,CBS,C B S CORP NEW,A,CBSA,515120,N,A,R,21866,0,1,4833,12485710,,,,,,,,,48.000,483.000,,,,,,,,,,,,,,,28.480,28.670,28.670,33100.000,0.002798,28.650,28.670,62923.000,1.000,1.000,28.590,,0.002798,0.002,0.002,0.001,0.001,0.001
75104,2006/09/19,,11,1,4833,12485710,CBS,C B S CORP NEW,A,CBSA,515120,N,A,R,21866,0,1,4833,12485710,,,,,,,,,48.000,483.000,,,,,,,,,,,,,,,28.480,29.070,28.680,78900.000,0.000349,28.680,28.700,62923.000,1.000,1.000,28.800,,0.000349,-0.003,-0.003,-0.004,-0.004,-0.002
75104,2006/09/20,,11,1,4833,12485710,CBS,C B S CORP NEW,A,CBSA,515120,N,A,R,21866,0,1,4833,12485710,,,,,,,,,48.000,483.000,,,,,,,,,,,,,,,28.510,28.900,28.610,31800.000,-0.002441,28.630,28.640,62923.000,1.000,1.000,28.900,,-0.002441,0.005,0.005,0.005,0.005,0.005
75104,2006/09/21,,11,1,4833,12485710,CBS,C B S CORP NEW,A,CBSA,515120,N,A,R,21866,0,1,4833,12485710,,,,,,,,,48.000,483.000,,,,,,,,,,,,,,,28.100,28.770,28.300,45100.000,-0.010835,28.250,28.300,62923.000,1.000,1.000,28.570,,-0.010835,-0.004,-0.005,-0.004,-0.004,-0.005
75104,2006/09/22,,11,1,4833,12485710,CBS,C B S CORP NEW,A,CBSA,515120,N,A,R,21866,0,1,4833,12485710,,,,,,,,,48.000,483.000,,,,,,,,,,,,,,,28.120,28.420,28.200,34500.000,-0.003534,28.190,28.250,62923.000,1.000,1.000,28.310,,-0.003534,-0.004,-0.004,-0.005,-0.005,-0.002
75104,2006/09/25,,11,1,4833,12485710,CBS,C B S CORP NEW,A,CBSA,515120,N,A,R,21866,0,1,4833,12485710,,,,,,,,,48.000,483.000,,,,,,,,,,,,,,,28.150,28.730,28.680,53000.000,0.017021,28.650,28.710,62923.000,1.000,1.000,28.290,,0.017021,0.008,0.008,0.005,0.005,0.009
75104,2006/09/26,,11,1,4833,12485710,CBS,C B S CORP NEW,A,CBSA,515120,N,A,R,21866,0,1,4833,12485710,,,,,,,,,48.000,483.000,,,,,,,,,,,,,,,28.270,28.820,28.820,45900.000,0.004881,28.790,28.820,62923.000,1.000,1.000,28.690,,0.004881,0.007,0.007,0.004,0.004,0.008
75104,2006/09/27,,11,1,4833,12485710,CBS,C B S CORP NEW,A,CBSA,515120,N,A,R,21866,0,1,4833,12485710,,,,,,,,,48.000,483.000,,,,,,,,,,,,,,,28.490,28.830,28.570,57700.000,-0.008675,28.550,28.570,62923.000,1.000,1.000,28.800,,-0.008675,0.002,0.002,0.004,0.003,0.000
75104,2006/09/28,,11,1,4833,12485710,CBS,C B S CORP NEW,A,CBSA,515120,N,A,R,21866,0,1,4833,12485710,,,,,,,,,48.000,483.000,,,,,,,,,,,,,,,28.250,28.600,28.310,26700.000,-0.009100,28.280,28.310,62923.000,1.000,1.000,28.460,,-0.009100,0.002,0.002,0.001,0.001,0.002
75104,2006/09/29,,11,1,4833,12485710,CBS,C B S CORP NEW,A,CBSA,515120,N,A,R,21866,0,1,4833,12485710,,,,,,,,0.000,48.000,483.000,,,,,,,,,,,,,,,28.190,28.520,28.220,36200.000,-0.003179,28.140,28.300,62923.000,1.000,1.000,28.250,,-0.003179,-0.003,-0.003,-0.002,-0.002,-0.002
75104,2006/10/02,,11,1,4833,12485710,CBS,C B S CORP NEW,A,CBSA,515120,N,A,R,21866,0,1,4833,12485710,,,,,,,,,48.000,483.000,,,,,,,,,,,,,,,28.210,28.570,28.350,26500.000,0.004607,28.350,28.410,62923.000,1.000,1.000,28.210,,0.004607,-0.004,-0.004,-0.006,-0.006,-0.003
75104,2006/10/03,,11,1,4833,12485710,CBS,C B S CORP NEW,A,CBSA,515120,N,A,R,21866,0,1,4833,12485710,,,,,,,,,48.000,483.000,,,,,,,,,,,,,,,28.350,28.690,28.400,88700.000,0.001764,28.390,28.400,62923.000,1.000,1.000,28.350,,0.001764,-0.000,-0.000,-0.003,-0.003,0.002
75104,2006/10/04,,11,1,4833,12485710,CBS,C B S CORP NEW,A,CBSA,515120,N,A,R,21866,0,1,4833,12485710,,,,,,,,,48.000,483.000,,,,,,,,,,,,,,,28.150,28.630,28.430,25400.000,0.001056,28.430,28.450,62923.000,1.000,1.000,28.390,,0.001056,0.012,0.012,0.011,0.011,0.012
75104,2006/10/05,,11,1,4833,12485710,CBS,C B S CORP NEW,A,CBSA,515120,N,A,R,21866,0,1,4833,12485710,,,,,,,,,48.000,483.000,,,,,,,,,,,,,,,28.200,28.630,28.610,91100.000,0.006331,28.580,28.610,62923.000,1.000,1.000,28.200,,0.006331,0.005,0.005,0.009,0.008,0.002
75104,2006/10/06,,11,1,4833,12485710,CBS,C B S CORP NEW,A,CBSA,515120,N,A,R,21866,0,1,4833,12485710,,,,,,,,,48.000,483.000,,,,,,,,,,,,,,,28.270,28.720,28.520,39100.000,-0.003146,28.460,28.620,62923.000,1.000,1.000,28.600,,-0.003146,-0.003,-0.003,-0.001,-0.001,-0.003
75104,2006/10/09,,11,1,4833,12485710,CBS,C B S CORP NEW,A,CBSA,515120,N,A,R,21866,0,1,4833,12485710,,,,,,,,,48.000,483.000,,,,,,,,,,,,,,,28.160,28.590,28.550,25800.000,0.001052,28.530,28.580,62923.000,1.000,1.000,28.380,,0.001052,0.002,0.002,0.004,0.004,0.001
75104,2006/10/10,,11,1,4833,12485710,CBS,C B S CORP NEW,A,CBSA,515120,N,A,R,21866,0,1,4833,12485710,,,,,,,,,48.000,483.000,,,,,,,,,,,,,,,28.270,28.490,28.400,19600.000,-0.005254,28.360,28.420,62923.000,1.000,1.000,28.490,,-0.005254,0.002,0.002,0.003,0.003,0.002
75104,2006/10/11,,11,1,4833,12485710,CBS,C B S CORP NEW,A,CBSA,515120,N,A,R,21866,0,1,4833,12485710,,,,,,,,,48.000,483.000,,,,,,,,,,,,,,,28.400,28.850,28.600,48200.000,0.007042,28.600,28.630,62923.000,1.000,1.000,28.400,,0.007042,-0.004,-0.004,-0.003,-0.003,-0.003
75104,2006/10/12,,11,1,4833,12485710,CBS,C B S CORP NEW,A,CBSA,515120,N,A,R,21866,0,1,4833,12485710,,,,,,,,,48.000,483.000,,,,,,,,,,,,,,,28.280,28.550,28.380,20600.000,-0.007692,28.370,28.390,62923.000,1.000,1.000,28.550,,-0.007692,0.011,0.011,0.013,0.013,0.010
75104,2006/10/13,,11,1,4833,12485710,CBS,C B S CORP NEW,A,CBSA,515120,N,A,R,21866,0,1,4833,12485710,,,,,,,,,48.000,483.000,,,,,,,,,,,,,,,28.160,28.600,28.160,17400.000,-0.007752,28.150,28.180,62923.000,1.000,1.000,28.430,,-0.007752,0.003,0.003,0.005,0.005,0.002
75104,2006/10/16,,11,1,4833,12485710,CBS,C B S CORP NEW,A,CBSA,515120,N,A,R,21866,0,1,4833,12485710,,,,,,,,,48.000,483.000,,,,,,,,,,,,,,,27.720,28.380,28.170,25100.000,0.000355,28.170,28.180,62923.000,1.000,1.000,27.990,,0.000355,0.004,0.004,0.008,0.007,0.003
75104,2006/10/17,,11,1,4833,12485710,CBS,C B S CORP NEW,A,CBSA,515120,N,A,R,21866,0,1,4833,12485710,,,,,,,,,48.000,483.000,,,,,,,,,,,,,,,28.010,28.280,28.180,10400.000,0.000355,28.120,28.180,62923.000,1.000,1.000,28.150,,0.000355,-0.005,-0.005,-0.004,-0.004,-0.004
75104,2006/10/18,,11,1,4833,12485710,CBS,C B S CORP NEW,A,CBSA,515120,N,A,R,21866,0,1,4833,12485710,,,,,,,,,48.000,483.000,,,,,,,,,,,,,,,28.100,28.360,28.190,17900.000,0.000355,28.160,28.190,62923.000,1.000,1.000,28.180,,0.000355,0.001,0.001,0.001,0.000,0.001
75104,2006/10/19,,11,1,4833,12485710,CBS,C B S CORP NEW,A,CBSA,515120,N,A,R,21866,0,1,4833,12485710,,,,,,,,,48.000,483.000,,,,,,,,,,,,,,,27.980,28.200,28.190,15200.000,0.000000,28.140,28.200,62923.000,1.000,1.000,28.050,,0.000000,0.002,0.002,0.005,0.005,0.001
75104,2006/10/20,,11,1,4833,12485710,CBS,C B S CORP NEW,A,CBSA,515120,N,A,R,21866,0,1,4833,12485710,,,,,,,,,48.000,483.000,,,,,,,,,,,,,,,27.850,28.240,27.890,25900.000,-0.010642,27.890,27.920,62923.000,1.000,1.000,28.190,,-0.010642,-0.000,-0.000,-0.003,-0.003,0.001
75104,2006/10/23,,11,1,4833,12485710,CBS,C B S CORP NEW,A,CBSA,515120,N,A,R,21866,0,1,4833,12485710,,,,,,,,,48.000,483.000,,,,,,,,,,,,,,,27.800,28.350,28.120,177800.000,0.008247,28.120,28.170,62923.000,1.000,1.000,27.900,,0.008247,0.005,0.005,0.001,0.001,0.006
75104,2006/10/24,,11,1,4833,12485710,CBS,C B S CORP NEW,A,CBSA,515120,N,A,R,21866,0,1,4833,12485710,,,,,,,,,48.000,483.000,,,,,,,,,,,,,,,28.020,28.330,28.300,130100.000,0.006401,28.290,28.330,62923.000,1.000,1.000,28.070,,0.006401,0.001,0.001,0.000,0.000,0.000
75104,2006/10/25,,11,1,4833,12485710,CBS,C B S CORP NEW,A,CBSA,515120,N,A,R,21866,0,1,4833,12485710,,,,,,,,,48.000,483.000,,,,,,,,,,,,,,,28.320,28.810,28.530,61100.000,0.008127,28.530,28.600,62923.000,1.000,1.000,28.320,,0.008127,0.004,0.004,0.004,0.004,0.004
75104,2006/10/26,,11,1,4833,12485710,CBS,C B S CORP NEW,A,CBSA,515120,N,A,R,21866,0,1,4833,12485710,,,,,,,,,48.000,483.000,,,,,,,,,,,,,,,28.700,29.250,29.050,79100.000,0.018226,29.050,29.060,62923.000,1.000,1.000,28.750,,0.018226,0.006,0.006,0.007,0.007,0.005
75104,2006/10/27,,11,1,4833,12485710,CBS,C B S CORP NEW,A,CBSA,515120,N,A,R,21866,0,1,4833,12485710,,,,,,,,,48.000,483.000,,,,,,,,,,,,,,,28.690,29.110,28.920,106600.000,-0.004475,28.950,29.000,62923.000,1.000,1.000,29.020,,-0.004475,-0.008,-0.008,-0.005,-0.006,-0.008
75104,2006/10/30,,11,1,4833,12485710,CBS,C B S CORP NEW,A,CBSA,515120,N,A,R,21866,0,1,4833,12485710,,,,,,,,,48.000,483.000,,,,,,,,,,,,,,,28.850,29.070,28.970,29700.000,0.001729,28.970,29.000,62923.000,1.000,1.000,28.960,,0.001729,0.000,0.000,0.001,0.001,0.000
75104,2006/10/31,,11,1,4833,12485710,CBS,C B S CORP NEW,A,CBSA,515120,N,A,R,21866,0,1,4833,12485710,,,,,,,,0.000,48.000,483.000,,,,,,,,,,,,,,,28.810,29.160,28.970,57000.000,0.000000,28.900,28.970,62923.000,1.000,1.000,28.980,,0.000000,0.000,0.000,0.001,0.001,0.000
75104,2006/11/01,,11,1,4833,12485710,CBS,C B S CORP NEW,A,CBSA,515120,N,A,R,21866,0,1,4833,12485710,,,,,,,,,48.000,483.000,,,,,,,,,,,,,,,28.620,29.000,28.920,17100.000,-0.001726,28.730,28.930,62923.000,1.000,1.000,28.990,,-0.001726,-0.009,-0.009,-0.010,-0.010,-0.007
75104,2006/11/02,,11,1,4833,12485710,CBS,C B S CORP NEW,A,CBSA,515120,N,A,R,21866,0,1,4833,12485710,,,,,,,,,48.000,483.000,,,,,,,,,,,,,,,28.540,28.880,28.760,34100.000,-0.005532,28.670,28.750,62923.000,1.000,1.000,28.650,,-0.005532,-0.000,-0.000,-0.003,-0.003,-0.000
75104,2006/11/03,,11,1,4833,12485710,CBS,C B S CORP NEW,A,CBSA,515120,N,A,R,21866,0,1,4833,12485710,,,,,,,,,48.000,483.000,,,,,,,,,,,,,,,28.450,28.900,28.530,59000.000,-0.007997,28.530,28.550,62923.000,1.000,1.000,28.720,,-0.007997,-0.000,-0.000,0.003,0.003,-0.002
75104,2006/11/06,,11,1,4833,12485710,CBS,C B S CORP NEW,A,CBSA,515120,N,A,R,21866,0,1,4833,12485710,,,,,,,,,48.000,483.000,,,,,,,,,,,,,,,28.610,29.200,29.110,36600.000,0.020329,29.110,29.180,62923.000,1.000,1.000,28.650,,0.020329,0.012,0.011,0.009,0.009,0.011
75104,2006/11/07,,11,1,4833,12485710,CBS,C B S CORP NEW,A,CBSA,515120,N,A,R,21866,0,1,4833,12485710,,,,,,,,,48.000,483.000,,,,,,,,,,,,,,,28.870,29.400,29.380,58300.000,0.009275,29.350,29.400,62923.000,1.000,1.000,29.110,,0.009275,0.002,0.002,0.001,0.001,0.002
75104,2006/11/08,,11,1,4833,12485710,CBS,C B S CORP NEW,A,CBSA,515120,N,A,R,21866,0,1,4833,12485710,,,,,,,,,48.000,483.000,,,,,,,,,,,,,,,29.320,29.690,29.560,45500.000,0.006127,29.570,29.630,62923.000,1.000,1.000,29.320,,0.006127,0.003,0.003,0.004,0.004,0.002
75104,2006/11/09,,11,1,4833,12485710,CBS,C B S CORP NEW,A,CBSA,515120,N,A,R,21866,0,1,4833,12485710,,,,,,,,,48.000,483.000,,,,,,,,,,,,,,,29.410,29.830,29.760,44100.000,0.006766,29.750,29.790,62923.000,1.000,1.000,29.700,,0.006766,-0.005,-0.005,-0.004,-0.004,-0.005
75104,2006/11/10,,11,1,4833,12485710,CBS,C B S CORP NEW,A,CBSA,515120,N,A,R,21866,0,1,4833,12485710,,,,,,,,,48.000,483.000,,,,,,,,,,,,,,,29.600,30.040,29.830,82800.000,0.002352,29.820,29.860,62923.000,1.000,1.000,29.700,,0.002352,0.002,0.002,0.004,0.004,0.002
75104,2006/11/13,,11,1,4833,12485710,CBS,C B S CORP NEW,A,CBSA,515120,N,A,R,21866,0,1,4833,12485710,,,,,,,,,48.000,483.000,,,,,,,,,,,,,,,29.700,30.030,30.000,62000.000,0.005699,29.970,30.030,62923.000,1.000,1.000,29.700,,0.005699,0.002,0.002,0.003,0.003,0.003
75104,2006/11/14,,11,1,4833,12485710,CBS,C B S CORP NEW,A,CBSA,515120,N,A,R,21866,0,1,4833,12485710,,,,,,,,,48.000,483.000,,,,,,,,,,,,,,,29.510,30.050,29.590,26600.000,-0.013667,29.540,29.590,62923.000,1.000,1.000,30.000,,-0.013667,0.007,0.007,0.008,0.008,0.006
75104,2006/11/15,,11,1,4833,12485710,CBS,C B S CORP NEW,A,CBSA,515120,N,A,R,21866,0,1,4833,12485710,,,,,,,,,48.000,483.000,,,,,,,,,,,,,,,29.580,29.850,29.690,17800.000,0.003380,29.630,29.690,62923.000,1.000,1.000,29.680,,0.003380,0.004,0.004,0.006,0.005,0.002
75104,2006/11/16,,11,1,4833,12485710,CBS,C B S CORP NEW,A,CBSA,515120,N,A,R,21866,0,1,4833,12485710,,,,,,,,,48.000,483.000,,,,,,,,,,,,,,,29.700,30.000,29.730,19400.000,0.001347,29.730,29.800,62923.000,1.000,1.000,29.820,,0.001347,0.001,0.001,0.000,0.000,0.002
75104,2006/11/17,,11,1,4833,12485710,CBS,C B S CORP NEW,A,CBSA,515120,N,A,R,21866,0,1,4833,12485710,,,,,,,,,48.000,483.000,,,,,,,,,,,,,,,29.570,29.900,29.650,19200.000,-0.002691,29.750,29.810,62923.000,1.000,1.000,29.670,,-0.002691,0.000,0.000,-0.001,-0.001,0.001
75104,2006/11/20,,11,1,4833,12485710,CBS,C B S CORP NEW,A,CBSA,515120,N,A,R,21866,0,1,4833,12485710,,,,,,,,,48.000,483.000,,,,,,,,,,,,,,,29.650,30.000,29.810,21000.000,0.005396,29.780,29.810,62923.000,1.000,1.000,29.650,,0.005396,0.000,0.000,0.001,0.001,-0.001
75104,2006/11/21,,11,1,4833,12485710,CBS,C B S CORP NEW,A,CBSA,515120,N,A,R,21866,0,1,4833,12485710,,,,,,,,,48.000,483.000,,,,,,,,,,,,,,,29.420,29.690,29.630,63800.000,-0.006038,29.620,29.630,62923.000,1.000,1.000,29.450,,-0.006038,0.003,0.003,0.003,0.003,0.002
75104,2006/11/22,,11,1,4833,12485710,CBS,C B S CORP NEW,A,CBSA,515120,N,A,R,21866,0,1,4833,12485710,,,,,,,,,48.000,483.000,,,,,,,,,,,,,,,29.780,30.910,30.550,56300.000,0.031050,30.520,30.550,62923.000,1.000,1.000,29.780,,0.031050,0.003,0.003,0.003,0.003,0.002
75104,2006/11/24,,11,1,4833,12485710,CBS,C B S CORP NEW,A,CBSA,515120,N,A,R,21866,0,1,4833,12485710,,,,,,,,,48.000,483.000,,,,,,,,,,,,,,,30.300,30.500,30.430,12000.000,-0.003928,30.290,30.360,62923.000,1.000,1.000,30.500,,-0.003928,-0.002,-0.002,0.002,0.002,-0.004
75104,2006/11/27,,11,1,4833,12485710,CBS,C B S CORP NEW,A,CBSA,515120,N,A,R,21866,0,1,4833,12485710,,,,,,,,,48.000,483.000,,,,,,,,,,,,,,,29.970,30.300,30.000,66100.000,-0.014131,30.000,30.060,62923.000,1.000,1.000,30.280,,-0.014131,-0.015,-0.015,-0.014,-0.014,-0.014
75104,2006/11/28,,11,1,4833,12485710,CBS,C B S CORP NEW,A,CBSA,515120,N,A,R,21866,0,1,4833,12485710,2006/10/18,,,,,2007/01/01,2006/11/30,0.000,48.000,483.000,1232.000,0.200,0.000,0.000,,,,,,,,,,,29.700,30.230,30.060,51100.000,0.008667,30.040,30.080,62923.000,1.000,1.000,29.880,,0.002000,0.003,0.003,0.003,0.003,0.003
75104,2006/11/29,,11,1,4833,12485710,CBS,C B S CORP NEW,A,CBSA,515120,N,A,R,21866,0,1,4833,12485710,,,,,,,,,48.000,483.000,,,,,,,,,,,,,,,29.940,30.240,30.050,38800.000,-0.000333,29.990,30.050,62923.000,1.000,1.000,30.050,,-0.000333,0.010,0.009,0.010,0.010,0.009
75104,2006/11/30,,11,1,4833,12485710,CBS,C B S CORP NEW,A,CBSA,515120,N,A,R,21866,0,1,4833,12485710,,,,,,,,0.000,48.000,483.000,,,,,,,,,,,,,,,29.730,30.070,29.730,47700.000,-0.010649,29.760,29.810,62923.000,1.000,1.000,30.020,,-0.010649,0.002,0.002,0.004,0.004,0.001
75104,2006/12/01,,11,1,4833,12485710,CBS,C B S CORP NEW,A,CBSA,515120,N,A,R,21866,0,1,4833,12485710,,,,,,,,,48.000,483.000,,,,,,,,,,,,,,,29.460,30.000,29.760,31500.000,0.001009,29.730,29.760,62923.000,1.000,1.000,29.800,,0.001009,-0.003,-0.003,-0.003,-0.003,-0.003
75104,2006/12/04,,11,1,4833,12485710,CBS,C B S CORP NEW,A,CBSA,515120,N,A,R,21866,0,1,4833,12485710,,,,,,,,,48.000,483.000,,,,,,,,,,,,,,,29.980,30.500,30.200,26400.000,0.014785,30.150,30.210,62923.000,1.000,1.000,29.980,,0.014785,0.010,0.010,0.009,0.009,0.009
75104,2006/12/05,,11,1,4833,12485710,CBS,C B S CORP NEW,A,CBSA,515120,N,A,R,21866,0,1,4833,12485710,,,,,,,,,48.000,483.000,,,,,,,,,,,,,,,30.140,31.000,30.940,71800.000,0.024503,30.910,30.940,62923.000,1.000,1.000,30.150,,0.024503,0.004,0.004,0.004,0.004,0.004
75104,2006/12/06,,11,1,4833,12485710,CBS,C B S CORP NEW,A,CBSA,515120,N,A,R,21866,0,1,4833,12485710,,,,,,,,,48.000,483.000,,,,,,,,,,,,,,,30.530,31.000,30.740,49500.000,-0.006464,30.700,30.740,62923.000,1.000,1.000,30.850,,-0.006464,-0.001,-0.001,0.000,0.000,-0.001
75104,2006/12/07,,11,1,4833,12485710,CBS,C B S CORP NEW,A,CBSA,515120,N,A,R,21866,0,1,4833,12485710,,,,,,,,,48.000,483.000,,,,,,,,,,,,,,,30.690,30.960,30.930,41800.000,0.006181,30.900,30.930,62923.000,1.000,1.000,30.840,,0.006181,-0.003,-0.003,-0.001,-0.001,-0.004
75104,2006/12/08,,11,1,4833,12485710,CBS,C B S CORP NEW,A,CBSA,515120,N,A,R,21866,0,1,4833,12485710,,,,,,,,,48.000,483.000,,,,,,,,,,,,,,,30.660,30.950,30.890,49400.000,-0.001293,30.890,30.930,62923.000,1.000,1.000,30.850,,-0.001293,0.001,0.001,0.000,0.000,0.002
75104,2006/12/11,,11,1,4833,12485710,CBS,C B S CORP NEW,A,CBSA,515120,N,A,R,21866,0,1,4833,12485710,,,,,,,,,48.000,483.000,,,,,,,,,,,,,,,30.940,31.330,31.330,215400.000,0.014244,31.290,31.310,62923.000,1.000,1.000,30.940,,0.014244,0.002,0.002,0.001,0.001,0.002
75104,2006/12/12,,11,1,4833,12485710,CBS,C B S CORP NEW,A,CBSA,515120,N,A,R,21866,0,1,4833,12485710,,,,,,,,,48.000,483.000,,,,,,,,,,,,,,,31.000,31.430,31.230,162400.000,-0.003192,31.220,31.260,62923.000,1.000,1.000,31.000,,-0.003192,-0.002,-0.002,-0.004,-0.004,-0.001
75104,2006/12/13,,11,1,4833,12485710,CBS,C B S CORP NEW,A,CBSA,515120,N,A,R,21866,0,1,4833,12485710,,,,,,,,,48.000,483.000,,,,,,,,,,,,,,,31.050,31.450,31.350,31900.000,0.003842,31.340,31.380,62923.000,1.000,1.000,31.450,,0.003842,0.001,0.001,0.000,-0.000,0.001
75104,2006/12/14,,11,1,4833,12485710,CBS,C B S CORP NEW,A,CBSA,515120,N,A,R,21866,0,1,4833,12485710,,,,,,,,,48.000,483.000,,,,,,,,,,,,,,,31.280,31.700,31.560,40500.000,0.006699,31.560,31.580,62923.000,1.000,1.000,31.350,,0.006699,0.008,0.008,0.004,0.004,0.009
75104,2006/12/15,,11,1,4833,12485710,CBS,C B S CORP NEW,A,CBSA,515120,N,A,R,21866,0,1,4833,12485710,,,,,,,,,48.000,483.000,,,,,,,,,,,,,,,31.460,31.990,31.950,55400.000,0.012357,31.960,32.000,62923.000,1.000,1.000,31.630,,0.012357,0.000,-0.000,-0.001,-0.001,0.001
75104,2006/12/18,,11,1,4833,12485710,CBS,C B S CORP NEW,A,CBSA,515120,N,A,R,21866,0,1,4833,12485710,,,,,,,,,48.000,483.000,,,,,,,,,,,,,,,31.730,32.010,31.930,95100.000,-0.000626,31.890,31.950,62923.000,1.000,1.000,31.940,,-0.000626,-0.005,-0.005,-0.007,-0.007,-0.003
75104,2006/12/19,,11,1,4833,12485710,CBS,C B S CORP NEW,A,CBSA,515120,N,A,R,21866,0,1,4833,12485710,,,,,,,,,48.000,483.000,,,,,,,,,,,,,,,31.630,31.850,31.730,52900.000,-0.006264,31.710,31.730,62923.000,1.000,1.000,31.700,,-0.006264,0.002,0.002,-0.000,-0.000,0.002
75104,2006/12/20,,11,1,4833,12485710,CBS,C B S CORP NEW,A,CBSA,515120,N,A,R,21866,0,1,4833,12485710,,,,,,,,,48.000,483.000,,,,,,,,,,,,,,,31.640,31.800,31.750,26200.000,0.000630,31.690,31.750,62923.000,1.000,1.000,31.780,,0.000630,-0.001,-0.001,0.002,0.002,-0.001
75104,2006/12/21,,11,1,4833,12485710,CBS,C B S CORP NEW,A,CBSA,515120,N,A,R,21866,0,1,4833,12485710,,,,,,,,,48.000,483.000,,,,,,,,,,,,,,,31.470,31.800,31.680,33400.000,-0.002205,31.660,31.690,62923.000,1.000,1.000,31.700,,-0.002205,-0.004,-0.004,-0.001,-0.001,-0.004
75104,2006/12/22,,11,1,4833,12485710,CBS,C B S CORP NEW,A,CBSA,515120,N,A,R,21866,0,1,4833,12485710,,,,,,,,,48.000,483.000,,,,,,,,,,,,,,,31.160,31.540,31.270,32700.000,-0.012942,31.230,31.260,62923.000,1.000,1.000,31.500,,-0.012942,-0.005,-0.005,-0.001,-0.001,-0.005
75104,2006/12/26,,11,1,4833,12485710,CBS,C B S CORP NEW,A,CBSA,515120,N,A,R,21866,0,1,4833,12485710,,,,,,,,,48.000,483.000,,,,,,,,,,,,,,,31.210,31.480,31.430,28000.000,0.005117,31.430,31.460,62923.000,1.000,1.000,31.280,,0.005117,0.004,0.004,0.004,0.004,0.004
75104,2006/12/27,,11,1,4833,12485710,CBS,C B S CORP NEW,A,CBSA,515120,N,A,R,21866,0,1,4833,12485710,,,,,,,,,48.000,483.000,,,,,,,,,,,,,,,31.510,31.950,31.570,88400.000,0.004454,31.540,31.570,62923.000,1.000,1.000,31.930,,0.004454,0.008,0.007,0.009,0.008,0.007
75104,2006/12/28,,11,1,4833,12485710,CBS,C B S CORP NEW,A,CBSA,515120,N,A,R,21866,0,1,4833,12485710,,,,,,,,,48.000,483.000,,,,,,,,,,,,,,,31.500,31.720,31.570,89400.000,0.000000,31.510,31.540,62923.000,1.000,1.000,31.520,,0.000000,-0.001,-0.001,-0.000,-0.001,-0.001
75104,2006/12/29,,11,1,4833,12485710,CBS,C B S CORP NEW,A,CBSA,515120,N,A,R,21866,0,1,4833,12485710,,,,,,,,0.000,48.000,483.000,,,,,,,,,,,,,,,31.210,31.630,31.220,24500.000,-0.011086,31.200,31.220,62923.000,1.000,1.000,31.350,,-0.011086,-0.005,-0.005,-0.001,-0.001,-0.005
75104,2007/01/03,,11,1,4833,12485710,CBS,C B S CORP NEW,A,CBSA,515120,N,A,R,21866,0,1,4833,12485710,,,,,,,,,48.000,483.000,,,,,,,,,,,,,,,31.310,31.830,31.600,49700.000,0.012172,31.620,31.630,62923.000,1.000,1.000,31.310,,0.012172,-0.001,-0.002,-0.000,-0.000,-0.001
75104,2007/01/04,,11,1,4833,12485710,CBS,C B S CORP NEW,A,CBSA,515120,N,A,R,21866,0,1,4833,12485710,,,,,,,,,48.000,483.000,,,,,,,,,,,,,,,31.080,31.600,31.290,95200.000,-0.009810,31.270,31.290,62923.000,1.000,1.000,31.500,,-0.009810,0.001,0.001,0.001,0.001,0.001
75104,2007/01/05,,11,1,4833,12485710,CBS,C B S CORP NEW,A,CBSA,515120,N,A,R,21866,0,1,4833,12485710,,,,,,,,,48.000,483.000,,,,,,,,,,,,,,,30.780,31.290,30.910,183000.000,-0.012144,30.890,30.920,62923.000,1.000,1.000,31.290,,-0.012144,-0.007,-0.007,-0.010,-0.010,-0.006
75104,2007/01/08,,11,1,4833,12485710,CBS,C B S CORP NEW,A,CBSA,515120,N,A,R,21866,0,1,4833,12485710,,,,,,,,,48.000,483.000,,,,,,,,,,,,,,,30.600,31.040,31.040,133500.000,0.004206,31.000,31.020,62923.000,1.000,1.000,30.910,,0.004206,0.003,0.002,0.002,0.002,0.002
75104,2007/01/09,,11,1,4833,12485710,CBS,C B S CORP NEW,A,CBSA,515120,N,A,R,21866,0,1,4833,12485710,,,,,,,,,48.000,483.000,,,,,,,,,,,,,,,30.750,31.300,30.900,105600.000,-0.004510,30.920,30.930,62923.000,1.000,1.000,31.250,,-0.004510,-0.000,-0.000,0.000,0.000,-0.001
75104,2007/01/10,,11,1,4833,12485710,CBS,C B S CORP NEW,A,CBSA,515120,N,A,R,21866,0,1,4833,12485710,,,,,,,,,48.000,483.000,,,,,,,,,,,,,,,30.820,31.200,31.150,34900.000,0.008091,31.140,31.150,62923.000,1.000,1.000,30.820,,0.008091,0.002,0.002,0.001,0.001,0.002
75104,2007/01/11,,11,1,4833,12485710,CBS,C B S CORP NEW,A,CBSA,515120,N,A,R,21866,0,1,4833,12485710,,,,,,,,,48.000,483.000,,,,,,,,,,,,,,,31.090,31.370,31.250,32800.000,0.003210,31.240,31.250,62923.000,1.000,1.000,31.100,,0.003210,0.007,0.007,0.008,0.008,0.006
75104,2007/01/12,,11,1,4833,12485710,CBS,C B S CORP NEW,A,CBSA,515120,N,A,R,21866,0,1,4833,12485710,,,,,,,,,48.000,483.000,,,,,,,,,,,,,,,31.240,31.650,31.600,71400.000,0.011200,31.580,31.600,62923.000,1.000,1.000,31.240,,0.011200,0.006,0.006,0.007,0.007,0.005
75104,2007/01/16,,11,1,4833,12485710,CBS,C B S CORP NEW,A,CBSA,515120,N,A,R,21866,0,1,4833,12485710,,,,,,,,,48.000,483.000,,,,,,,,,,,,,,,31.280,31.590,31.470,58900.000,-0.004114,31.440,31.460,62923.000,1.000,1.000,31.500,,-0.004114,0.000,0.000,0.001,0.001,0.001
75104,2007/01/17,,11,1,4833,12485710,CBS,C B S CORP NEW,A,CBSA,515120,N,A,R,21866,0,1,4833,12485710,,,,,,,,,48.000,483.000,,,,,,,,,,,,,,,31.350,31.620,31.440,40800.000,-0.000953,31.400,31.410,62923.000,1.000,1.000,31.420,,-0.000953,-0.001,-0.001,-0.000,-0.000,-0.001
75104,2007/01/18,,11,1,4833,12485710,CBS,C B S CORP NEW,A,CBSA,515120,N,A,R,21866,0,1,4833,12485710,,,,,,,,,48.000,483.000,,,,,,,,,,,,,,,31.440,31.820,31.500,79500.000,0.001908,31.440,31.490,62923.000,1.000,1.000,31.820,,0.001908,-0.005,-0.005,-0.007,-0.007,-0.003
75104,2007/01/19,,11,1,4833,12485710,CBS,C B S CORP NEW,A,CBSA,515120,N,A,R,21866,0,1,4833,12485710,,,,,,,,,48.000,483.000,,,,,,,,,,,,,,,31.250,31.520,31.520,20200.000,0.000635,31.480,31.490,62923.000,1.000,1.000,31.300,,0.000635,0.004,0.004,0.005,0.005,0.003
75104,2007/01/22,,11,1,4833,12485710,CBS,C B S CORP NEW,A,CBSA,515120,N,A,R,21866,0,1,4833,12485710,,,,,,,,,48.000,483.000,,,,,,,,,,,,,,,31.260,31.650,31.350,64600.000,-0.005393,31.300,31.340,62923.000,1.000,1.000,31.510,,-0.005393,-0.005,-0.005,-0.004,-0.004,-0.005
75104,2007/01/23,,11,1,4833,12485710,CBS,C B S CORP NEW,A,CBSA,515120,N,A,R,21866,0,1,4833,12485710,,,,,,,,,48.000,483.000,,,,,,,,,,,,,,,31.311,31.650,31.590,30400.000,0.007655,31.570,31.590,62923.000,1.000,1.000,31.320,,0.007655,0.005,0.005,0.006,0.006,0.004
75104,2007/01/24,,11,1,4833,12485710,CBS,C B S CORP NEW,A,CBSA,515120,N,A,R,21866,0,1,4833,12485710,,,,,,,,,48.000,483.000,,,,,,,,,,,,,,,31.240,31.470,31.370,56100.000,-0.006964,31.320,31.330,62923.000,1.000,1.000,31.420,,-0.006964,0.009,0.009,0.007,0.007,0.009
75104,2007/01/25,,11,1,4833,12485710,CBS,C B S CORP NEW,A,CBSA,515120,N,A,R,21866,0,1,4833,12485710,,,,,,,,,48.000,483.000,,,,,,,,,,,,,,,30.690,31.380,30.770,46900.000,-0.019127,30.730,30.760,62923.000,1.000,1.000,31.200,,-0.019127,-0.011,-0.011,-0.008,-0.008,-0.011
75104,2007/01/26,,11,1,4833,12485710,CBS,C B S CORP NEW,A,CBSA,515120,N,A,R,21866,0,1,4833,12485710,,,,,,,,,48.000,483.000,,,,,,,,,,,,,,,30.560,31.080,30.580,39500.000,-0.006175,30.600,30.620,62923.000,1.000,1.000,31.080,,-0.006175,0.000,0.000,0.003,0.003,-0.001
75104,2007/01/29,,11,1,4833,12485710,CBS,C B S CORP NEW,A,CBSA,515120,N,A,R,21866,0,1,4833,12485710,,,,,,,,,48.000,483.000,,,,,,,,,,,,,,,30.620,31.200,30.800,114600.000,0.007194,30.780,30.840,62923.000,1.000,1.000,30.680,,0.007194,0.000,0.000,0.003,0.003,-0.001
75104,2007/01/30,,11,1,4833,12485710,CBS,C B S CORP NEW,A,CBSA,515120,N,A,R,21866,0,1,4833,12485710,,,,,,,,,48.000,483.000,,,,,,,,,,,,,,,30.720,31.490,31.000,93000.000,0.006494,30.980,31.020,62923.000,1.000,1.000,30.720,,0.006494,0.006,0.006,0.005,0.005,0.006
75104,2007/01/31,,11,1,4833,12485710,CBS,C B S CORP NEW,A,CBSA,515120,N,A,R,21866,0,1,4833,12485710,,,,,,,,0.000,48.000,483.000,,,,,,,,,,,,,,,30.990,31.360,31.160,20700.000,0.005161,31.150,31.150,62923.000,1.000,1.000,31.130,,0.005161,0.006,0.006,0.004,0.003,0.007
75104,2007/02/01,,11,1,4833,12485710,CBS,C B S CORP NEW,A,CBSA,515120,N,A,R,21866,0,1,4833,12485710,,,,,,,,,48.000,483.000,,,,,,,,,,,,,,,31.290,31.540,31.410,37300.000,0.008023,31.410,31.470,62923.000,1.000,1.000,31.400,,0.008023,0.006,0.006,0.006,0.006,0.005
75104,2007/02/02,,11,1,4833,12485710,CBS,C B S CORP NEW,A,CBSA,515120,N,A,R,21866,0,1,4833,12485710,,,,,,,,,48.000,483.000,,,,,,,,,,,,,,,31.300,31.550,31.360,13100.000,-0.001592,31.330,31.370,62923.000,1.000,1.000,31.490,,-0.001592,0.001,0.001,0.002,0.002,0.002
75104,2007/02/05,,11,1,4833,12485710,CBS,C B S CORP NEW,A,CBSA,515120,N,A,R,21866,0,1,4833,12485710,,,,,,,,,48.000,483.000,,,,,,,,,,,,,,,31.200,31.590,31.520,53600.000,0.005102,31.520,31.540,62923.000,1.000,1.000,31.200,,0.005102,-0.001,-0.001,-0.001,-0.001,-0.001
75104,2007/02/06,,11,1,4833,12485710,CBS,C B S CORP NEW,A,CBSA,515120,N,A,R,21866,0,1,4833,12485710,,,,,,,,,48.000,483.000,,,,,,,,,,,,,,,31.520,31.740,31.560,56000.000,0.001269,31.560,31.620,62923.000,1.000,1.000,31.520,,0.001269,0.002,0.002,0.003,0.003,0.001
75104,2007/02/07,,11,1,4833,12485710,CBS,C B S CORP NEW,A,CBSA,515120,N,A,R,21866,0,1,4833,12485710,,,,,,,,,48.000,483.000,,,,,,,,,,,,,,,31.600,31.780,31.760,13100.000,0.006337,31.760,31.800,62923.000,1.000,1.000,31.650,,0.006337,0.002,0.002,0.004,0.004,0.001
75104,2007/02/08,,11,1,4833,12485710,CBS,C B S CORP NEW,A,CBSA,515120,N,A,R,21866,0,1,4833,12485710,,,,,,,,,48.000,483.000,,,,,,,,,,,,,,,31.750,32.070,32.050,60100.000,0.009131,32.050,32.070,62923.000,1.000,1.000,31.760,,0.009131,-0.000,-0.000,0.001,0.001,-0.001
75104,2007/02/09,,11,1,4833,12485710,CBS,C B S CORP NEW,A,CBSA,515120,N,A,R,21866,0,1,4833,12485710,,,,,,,,,48.000,483.000,,,,,,,,,,,,,,,31.530,32.160,31.630,52800.000,-0.013105,31.650,31.660,62923.000,1.000,1.000,32.040,,-0.013105,-0.007,-0.007,-0.005,-0.005,-0.007
75104,2007/02/12,,11,1,4833,12485710,CBS,C B S CORP NEW,A,CBSA,515120,N,A,R,21866,0,1,4833,12485710,,,,,,,,,48.000,483.000,,,,,,,,,,,,,,,31.280,31.780,31.280,21100.000,-0.011065,31.280,31.290,62923.000,1.000,1.000,31.700,,-0.011065,-0.004,-0.004,-0.003,-0.003,-0.003
75104,2007/02/13,,11,1,4833,12485710,CBS,C B S CORP NEW,A,CBSA,515120,N,A,R,21866,0,1,4833,12485710,,,,,,,,,48.000,483.000,,,,,,,,,,,,,,,31.320,31.940,31.850,88000.000,0.018222,31.850,31.890,62923.000,1.000,1.000,31.350,,0.018222,0.008,0.008,0.005,0.005,0.008
75104,2007/02/14,,11,1,4833,12485710,CBS,C B S CORP NEW,A,CBSA,515120,N,A,R,21866,0,1,4833,12485710,,,,,,,,,48.000,483.000,,,,,,,,,,,,,,,31.830,32.270,32.000,49675.000,0.004710,31.990,32.030,62923.000,1.000,1.000,31.830,,0.004710,0.007,0.007,0.005,0.005,0.008
75104,2007/02/15,,11,1,4833,12485710,CBS,C B S CORP NEW,A,CBSA,515120,N,A,R,21866,0,1,4833,12485710,,,,,,,,,48.000,483.000,,,,,,,,,,,,,,,31.710,31.990,31.880,32500.000,-0.003750,31.880,31.900,62923.000,1.000,1.000,31.950,,-0.003750,0.002,0.002,0.001,0.001,0.001
75104,2007/02/16,,11,1,4833,12485710,CBS,C B S CORP NEW,A,CBSA,515120,N,A,R,21866,0,1,4833,12485710,,,,,,,,,48.000,483.000,,,,,,,,,,,,,,,31.600,31.910,31.780,11500.000,-0.003137,31.780,31.810,62923.000,1.000,1.000,31.780,,-0.003137,0.001,0.000,0.003,0.003,-0.001
75104,2007/02/20,,11,1,4833,12485710,CBS,C B S CORP NEW,A,CBSA,515120,N,A,R,21866,0,1,4833,12485710,,,,,,,,,48.000,483.000,,,,,,,,,,,,,,,31.600,32.000,31.920,31600.000,0.004405,31.900,31.920,62923.000,1.000,1.000,31.750,,0.004405,0.004,0.004,0.006,0.006,0.003
75104,2007/02/21,,11,1,4833,12485710,CBS,C B S CORP NEW,A,CBSA,515120,N,A,R,21866,0,1,4833,12485710,,,,,,,,,48.000,483.000,,,,,,,,,,,,,,,31.670,32.000,31.710,17400.000,-0.006579,31.670,31.730,62923.000,1.000,1.000,31.850,,-0.006579,-0.000,-0.000,0.002,0.002,-0.001
75104,2007/02/22,,11,1,4833,12485710,CBS,C B S CORP NEW,A,CBSA,515120,N,A,R,21866,0,1,4833,12485710,,,,,,,,,48.000,483.000,,,,,,,,,,,,,,,31.410,31.720,31.510,34200.000,-0.006307,31.510,31.520,62923.000,1.000,1.000,31.720,,-0.006307,-0.000,-0.001,0.002,0.002,-0.001
75104,2007/02/23,,11,1,4833,12485710,CBS,C B S CORP NEW,A,CBSA,515120,N,A,R,21866,0,1,4833,12485710,,,,,,,,,48.000,483.000,,,,,,,,,,,,,,,31.140,31.550,31.360,212500.000,-0.004760,31.320,31.360,62923.000,1.000,1.000,31.550,,-0.004760,-0.003,-0.003,0.000,0.000,-0.004
75104,2007/02/26,,11,1,4833,12485710,CBS,C B S CORP NEW,A,CBSA,515120,N,A,R,21866,0,1,4833,12485710,,,,,,,,,48.000,483.000,,,,,,,,,,,,,,,31.330,31.600,31.480,184200.000,0.003826,31.440,31.440,62923.000,1.000,1.000,31.340,,0.003826,-0.001,-0.001,-0.001,-0.001,-0.001
75104,2007/02/27,,11,1,4833,12485710,CBS,C B S CORP NEW,A,CBSA,515120,N,A,R,21866,0,1,4833,12485710,,,,,,,,,48.000,483.000,,,,,,,,,,,,,,,28.730,31.680,30.210,132000.000,-0.040343,30.090,30.280,62923.000,1.000,1.000,31.560,,-0.040343,-0.034,-0.034,-0.031,-0.031,-0.035
75104,2007/02/28,,11,1,4833,12485710,CBS,C B S CORP NEW,A,CBSA,515120,N,A,R,21866,0,1,4833,12485710,,,,,,,,0.000,48.000,483.000,,,,,,,,,,,,,,,30.370,30.670,30.400,518900.000,0.006289,29.850,30.990,62923.000,1.000,1.000,30.590,,0.006289,0.005,0.005,0.004,0.004,0.006
75104,2007/03/01,,11,1,4833,12485710,CBS,C B S CORP NEW,A,CBSA,515120,N,A,R,21866,0,1,4833,12485710,,,,,,,,,48.000,483.000,,,,,,,,,,,,,,,29.620,30.400,29.960,182600.000,-0.014474,29.920,29.960,62923.000,1.000,1.000,30.000,,-0.014474,-0.003,-0.003,-0.005,-0.005,-0.003
75104,2007/03/02,,11,1,4833,12485710,CBS,C B S CORP NEW,A,CBSA,515120,N,A,R,21866,0,1,4833,12485710,,,,,,,,,48.000,483.000,,,,,,,,,,,,,,,29.520,30.060,29.590,68800.000,-0.012350,29.430,29.630,62923.000,1.000,1.000,30.060,,-0.012350,-0.012,-0.013,-0.011,-0.012,-0.011
75104,2007/03/05,,11,1,4833,12485710,CBS,C B S CORP NEW,A,CBSA,515120,N,A,R,21866,0,1,4833,12485710,2007/02/27,,,,,2007/04/01,2007/03/07,0.000,48.000,483.000,1232.000,0.220,0.000,0.000,,,,,,,,,,,29.160,29.730,29.550,75100.000,0.006083,29.550,29.610,62923.000,1.000,1.000,29.260,,-0.001352,-0.012,-0.012,-0.017,-0.017,-0.009
75104,2007/03/06,,11,1,4833,12485710,CBS,C B S CORP NEW,A,CBSA,515120,N,A,R,21866,0,1,4833,12485710,,,,,,,,,48.000,483.000,,,,,,,,,,,,,,,30.050,31.020,30.880,86000.000,0.045008,30.880,30.890,62923.000,1.000,1.000,30.060,,0.045008,0.017,0.017,0.018,0.018,0.015
75104,2007/03/07,,11,1,4833,12485710,CBS,C B S CORP NEW,A,CBSA,515120,N,A,R,21866,0,1,4833,12485710,,,,,,,,,48.000,483.000,,,,,,,,,,,,,,,30.500,31.050,30.560,63800.000,-0.010363,30.560,30.570,62923.000,1.000,1.000,30.890,,-0.010363,-0.001,-0.002,0.000,-0.000,-0.002
75104,2007/03/08,,11,1,4833,12485710,CBS,C B S CORP NEW,A,CBSA,515120,N,A,R,21866,0,1,4833,12485710,,,,,,,,,48.000,483.000,,,,,,,,,,,,,,,30.500,30.900,30.500,49900.000,-0.001963,30.450,30.500,62923.000,1.000,1.000,30.500,,-0.001963,0.007,0.007,0.006,0.006,0.007
75104,2007/03/09,,11,1,4833,12485710,CBS,C B S CORP NEW,A,CBSA,515120,N,A,R,21866,0,1,4833,12485710,,,,,,,,,48.000,483.000,,,,,,,,,,,,,,,30.500,30.850,30.610,21200.000,0.003607,30.600,30.730,62923.000,1.000,1.000,30.640,,0.003607,0.002,0.002,0.002,0.002,0.001
75104,2007/03/12,,11,1,4833,12485710,CBS,C B S CORP NEW,A,CBSA,515120,N,A,R,21866,0,1,4833,12485710,,,,,,,,,48.000,483.000,,,,,,,,,,,,,,,30.610,31.290,31.240,27700.000,0.020581,31.240,31.250,62923.000,1.000,1.000,30.610,,0.020581,0.003,0.003,0.004,0.004,0.003
75104,2007/03/13,,11,1,4833,12485710,CBS,C B S CORP NEW,A,CBSA,515120,N,A,R,21866,0,1,4833,12485710,,,,,,,,,48.000,483.000,,,,,,,,,,,,,,,30.550,31.190,30.560,37000.000,-0.021767,30.540,30.580,62923.000,1.000,1.000,31.150,,-0.021767,-0.020,-0.020,-0.017,-0.018,-0.020
75104,2007/03/14,,11,1,4833,12485710,CBS,C B S CORP NEW,A,CBSA,515120,N,A,R,21866,0,1,4833,12485710,,,,,,,,,48.000,483.000,,,,,,,,,,,,,,,30.220,30.800,30.510,35800.000,-0.001636,30.490,30.510,62923.000,1.000,1.000,30.730,,-0.001636,0.005,0.005,0.002,0.002,0.007
75104,2007/03/15,,11,1,4833,12485710,CBS,C B S CORP NEW,A,CBSA,515120,N,A,R,21866,0,1,4833,12485710,,,,,,,,,48.000,483.000,,,,,,,,,,,,,,,30.040,30.460,30.040,48700.000,-0.015405,30.040,30.050,62923.000,1.000,1.000,30.450,,-0.015405,0.005,0.005,0.006,0.006,0.004
75104,2007/03/16,,11,1,4833,12485710,CBS,C B S CORP NEW,A,CBSA,515120,N,A,R,21866,0,1,4833,12485710,,,,,,,,,48.000,483.000,,,,,,,,,,,,,,,29.930,30.190,30.190,75200.000,0.004993,30.180,30.200,62923.000,1.000,1.000,29.980,,0.004993,-0.004,-0.004,-0.003,-0.003,-0.004
75104,2007/03/19,,11,1,4833,12485710,CBS,C B S CORP NEW,A,CBSA,515120,N,A,R,21866,0,1,4833,12485710,,,,,,,,,48.000,483.000,,,,,,,,,,,,,,,30.300,30.630,30.630,48300.000,0.014574,30.620,30.670,62923.000,1.000,1.000,30.390,,0.014574,0.011,0.011,0.007,0.007,0.011
75104,2007/03/20,,11,1,4833,12485710,CBS,C B S CORP NEW,A,CBSA,515120,N,A,R,21866,0,1,4833,12485710,,,,,,,,,48.000,483.000,,,,,,,,,,,,,,,30.510,30.850,30.520,51800.000,-0.003591,30.520,30.540,62923.000,1.000,1.000,30.580,,-0.003591,0.007,0.007,0.006,0.006,0.006
75104,2007/03/21,,11,1,4833,12485710,CBS,C B S CORP NEW,A,CBSA,515120,N,A,R,21866,0,1,4833,12485710,,,,,,,,,48.000,483.000,,,,,,,,,,,,,,,30.230,30.730,30.700,38000.000,0.005898,30.680,30.720,62923.000,1.000,1.000,30.350,,0.005898,0.017,0.017,0.012,0.012,0.017
75104,2007/03/22,,11,1,4833,12485710,CBS,C B S CORP NEW,A,CBSA,515120,N,A,R,21866,0,1,4833,12485710,,,,,,,,,48.000,483.000,,,,,,,,,,,,,,,30.570,30.900,30.710,150500.000,0.000326,30.710,30.740,62923.000,1.000,1.000,30.680,,0.000326,-0.000,-0.000,0.002,0.002,-0.000
75104,2007/03/23,,11,1,4833,12485710,CBS,C B S CORP NEW,A,CBSA,515120,N,A,R,21866,0,1,4833,12485710,,,,,,,,,48.000,483.000,,,,,,,,,,,,,,,30.360,30.730,30.460,15500.000,-0.008141,30.450,30.460,62923.000,1.000,1.000,30.650,,-0.008141,0.002,0.002,0.002,0.002,0.001
75104,2007/03/26,,11,1,4833,12485710,CBS,C B S CORP NEW,A,CBSA,515120,N,A,R,21866,0,1,4833,12485710,,,,,,,,,48.000,483.000,,,,,,,,,,,,,,,30.290,30.630,30.560,208900.000,0.003283,30.540,30.590,62923.000,1.000,1.000,30.520,,0.003283,0.001,0.000,0.000,-0.000,0.001
75104,2007/03/27,,11,1,4833,12485710,CBS,C B S CORP NEW,A,CBSA,515120,N,A,R,21866,0,1,4833,12485710,,,,,,,,,48.000,483.000,,,,,,,,,,,,,,,30.420,30.740,30.610,52000.000,0.001636,30.580,30.620,62923.000,1.000,1.000,30.560,,0.001636,-0.006,-0.006,-0.005,-0.005,-0.006
75104,2007/03/28,,11,1,4833,12485710,CBS,C B S CORP NEW,A,CBSA,515120,N,A,R,21866,0,1,4833,12485710,,,,,,,,,48.000,483.000,,,,,,,,,,,,,,,30.230,30.500,30.430,21000.000,-0.005880,30.350,30.430,62923.000,1.000,1.000,30.380,,-0.005880,-0.007,-0.007,-0.004,-0.005,-0.008
75104,2007/03/29,,11,1,4833,12485710,CBS,C B S CORP NEW,A,CBSA,515120,N,A,R,21866,0,1,4833,12485710,,,,,,,,,48.000,483.000,,,,,,,,,,,,,,,30.440,30.670,30.490,16400.000,0.001972,30.490,30.540,62923.000,1.000,1.000,30.540,,0.001972,0.004,0.003,0.002,0.002,0.004
75104,2007/03/30,,11,1,4833,12485710,CBS,C B S CORP NEW,A,CBSA,515120,N,A,R,21866,0,1,4833,12485710,,,,,,,,0.000,48.000,483.000,,,,,,,,,,,,,,,30.430,30.730,30.610,18100.000,0.003936,30.570,30.620,61283.000,1.000,1.000,30.570,,0.003936,-0.000,-0.000,0.002,0.002,-0.001
75104,2007/04/02,,11,1,4833,12485710,CBS,C B S CORP NEW,A,CBSA,515120,N,A,R,21866,0,1,4833,12485710,,,,,,,,,48.000,483.000,,,,,,,,,,,,,,,30.550,30.780,30.770,13100.000,0.005227,30.770,30.780,61283.000,1.000,1.000,30.620,,0.005227,0.003,0.003,0.002,0.002,0.003
75104,2007/04/03,,11,1,4833,12485710,CBS,C B S CORP NEW,A,CBSA,515120,N,A,R,21866,0,1,4833,12485710,,,,,,,,,48.000,483.000,,,,,,,,,,,,,,,30.960,31.430,31.110,77500.000,0.011050,31.100,31.110,61283.000,1.000,1.000,31.060,,0.011050,0.009,0.009,0.007,0.007,0.009
75104,2007/04/04,,11,1,4833,12485710,CBS,C B S CORP NEW,A,CBSA,515120,N,A,R,21866,0,1,4833,12485710,,,,,,,,,48.000,483.000,,,,,,,,,,,,,,,31.120,31.490,31.220,30200.000,0.003536,31.220,31.280,61283.000,1.000,1.000,31.120,,0.003536,0.001,0.001,0.001,0.001,0.001
75104,2007/04/05,,11,1,4833,12485710,CBS,C B S CORP NEW,A,CBSA,515120,N,A,R,21866,0,1,4833,12485710,,,,,,,,,48.000,483.000,,,,,,,,,,,,,,,30.610,31.200,31.000,81800.000,-0.007047,30.990,31.040,61283.000,1.000,1.000,31.190,,-0.007047,0.004,0.003,0.003,0.003,0.003
75104,2007/04/09,,11,1,4833,12485710,CBS,C B S CORP NEW,A,CBSA,515120,N,A,R,21866,0,1,4833,12485710,,,,,,,,,48.000,483.000,,,,,,,,,,,,,,,31.020,31.490,31.190,89700.000,0.006129,31.190,31.220,61283.000,1.000,1.000,31.130,,0.006129,0.001,0.001,0.001,0.001,0.001
75104,2007/04/10,,11,1,4833,12485710,CBS,C B S CORP NEW,A,CBSA,515120,N,A,R,21866,0,1,4833,12485710,,,,,,,,,48.000,483.000,,,,,,,,,,,,,,,31.210,31.460,31.450,36400.000,0.008336,31.370,31.440,61283.000,1.000,1.000,31.220,,0.008336,0.003,0.003,0.002,0.002,0.003
75104,2007/04/11,,11,1,4833,12485710,CBS,C B S CORP NEW,A,CBSA,515120,N,A,R,21866,0,1,4833,12485710,,,,,,,,,48.000,483.000,,,,,,,,,,,,,,,31.010,31.450,31.010,51700.000,-0.013990,31.010,31.030,61283.000,1.000,1.000,31.300,,-0.013990,-0.006,-0.006,-0.004,-0.004,-0.007
75104,2007/04/12,,11,1,4833,12485710,CBS,C B S CORP NEW,A,CBSA,515120,N,A,R,21866,0,1,4833,12485710,,,,,,,,,48.000,483.000,,,,,,,,,,,,,,,30.950,31.490,31.450,81300.000,0.014189,31.440,31.460,61283.000,1.000,1.000,31.070,,0.014189,0.006,0.006,0.006,0.006,0.006
75104,2007/04/13,,11,1,4833,12485710,CBS,C B S CORP NEW,A,CBSA,515120,N,A,R,21866,0,1,4833,12485710,,,,,,,,,48.000,483.000,,,,,,,,,,,,,,,31.450,31.700,31.480,74300.000,0.000954,31.470,31.510,61283.000,1.000,1.000,31.450,,0.000954,0.004,0.004,0.005,0.005,0.003
75104,2007/04/16,,11,1,4833,12485710,CBS,C B S CORP NEW,A,CBSA,515120,N,A,R,21866,0,1,4833,12485710,,,,,,,,,48.000,483.000,,,,,,,,,,,,,,,31.490,31.760,31.710,23900.000,0.007306,31.690,31.730,61283.000,1.000,1.000,31.490,,0.007306,0.010,0.010,0.009,0.009,0.011
75104,2007/04/17,,11,1,4833,12485710,CBS,C B S CORP NEW,A,CBSA,515120,N,A,R,21866,0,1,4833,12485710,,,,,,,,,48.000,483.000,,,,,,,,,,,,,,,31.510,31.670,31.570,17500.000,-0.004415,31.560,31.620,61283.000,1.000,1.000,31.660,,-0.004415,0.001,0.001,-0.001,-0.001,0.002
75104,2007/04/18,,11,1,4833,12485710,CBS,C B S CORP NEW,A,CBSA,515120,N,A,R,21866,0,1,4833,12485710,,,,,,,,,48.000,483.000,,,,,,,,,,,,,,,31.370,31.800,31.730,119000.000,0.005068,31.700,31.730,61283.000,1.000,1.000,31.430,,0.005068,0.000,0.000,-0.001,-0.001,0.001
75104,2007/04/19,,11,1,4833,12485710,CBS,C B S CORP NEW,A,CBSA,515120,N,A,R,21866,0,1,4833,12485710,,,,,,,,,48.000,483.000,,,,,,,,,,,,,,,31.020,31.700,31.560,100800.000,-0.005358,31.560,31.600,61283.000,1.000,1.000,31.510,,-0.005358,-0.003,-0.003,-0.004,-0.004,-0.001
75104,2007/04/20,,11,1,4833,12485710,CBS,C B S CORP NEW,A,CBSA,515120,N,A,R,21866,0,1,4833,12485710,,,,,,,,,48.000,483.000,,,,,,,,,,,,,,,31.600,31.990,31.730,144900.000,0.005387,31.720,31.780,61283.000,1.000,1.000,31.820,,0.005387,0.009,0.009,0.008,0.008,0.009
75104,2007/04/23,,11,1,4833,12485710,CBS,C B S CORP NEW,A,CBSA,515120,N,A,R,21866,0,1,4833,12485710,,,,,,,,,48.000,483.000,,,,,,,,,,,,,,,31.200,31.820,31.690,80900.000,-0.001261,31.670,31.730,61283.000,1.000,1.000,31.640,,-0.001261,-0.002,-0.002,-0.001,-0.001,-0.002
75104,2007/04/24,,11,1,4833,12485710,CBS,C B S CORP NEW,A,CBSA,515120,N,A,R,21866,0,1,4833,12485710,,,,,,,,,48.000,483.000,,,,,,,,,,,,,,,31.380,31.740,31.580,16800.000,-0.003471,31.550,31.580,61283.000,1.000,1.000,31.740,,-0.003471,-0.001,-0.001,-0.001,-0.001,-0.000
75104,2007/04/25,,11,1,4833,12485710,CBS,C B S CORP NEW,A,CBSA,515120,N,A,R,21866,0,1,4833,12485710,,,,,,,,,48.000,483.000,,,,,,,,,,,,,,,31.370,32.110,31.970,150600.000,0.012350,31.970,31.990,61283.000,1.000,1.000,31.750,,0.012350,0.009,0.009,0.005,0.005,0.010
75104,2007/04/26,,11,1,4833,12485710,CBS,C B S CORP NEW,A,CBSA,515120,N,A,R,21866,0,1,4833,12485710,,,,,,,,,48.000,483.000,,,,,,,,,,,,,,,27.150,32.140,32.040,137300.000,0.002190,32.040,32.070,61283.000,1.000,1.000,31.980,,0.002190,-0.001,-0.001,-0.000,-0.000,-0.001
75104,2007/04/27,,11,1,4833,12485710,CBS,C B S CORP NEW,A,CBSA,515120,N,A,R,21866,0,1,4833,12485710,,,,,,,,,48.000,483.000,,,,,,,,,,,,,,,31.880,32.500,31.980,97800.000,-0.001873,32.000,32.050,61283.000,1.000,1.000,32.000,,-0.001873,-0.001,-0.001,-0.002,-0.002,-0.000
75104,2007/04/30,,11,1,4833,12485710,CBS,C B S CORP NEW,A,CBSA,515120,N,A,R,21866,0,1,4833,12485710,,,,,,,,0.000,48.000,483.000,,,,,,,,,,,,,,,31.650,31.980,31.800,39000.000,-0.005629,31.750,31.810,61221.000,1.000,1.000,31.720,,-0.005629,-0.009,-0.009,-0.009,-0.009,-0.008
75104,2007/05/01,,11,1,4833,12485710,CBS,C B S CORP NEW,A,CBSA,515120,N,A,R,21866,0,1,4833,12485710,,,,,,,,,48.000,483.000,,,,,,,,,,,,,,,31.720,32.520,31.970,162700.000,0.005346,31.970,31.980,61221.000,1.000,1.000,31.800,,0.005346,0.002,0.002,-0.001,-0.001,0.003
75104,2007/05/02,,11,1,4833,12485710,CBS,C B S CORP NEW,A,CBSA,515120,N,A,R,21866,0,1,4833,12485710,,,,,,,,,48.000,483.000,,,,,,,,,,,,,,,31.550,32.280,31.800,261600.000,-0.005317,31.800,31.860,61221.000,1.000,1.000,31.970,,-0.005317,0.008,0.008,0.009,0.009,0.006
75104,2007/05/03,,11,1,4833,12485710,CBS,C B S CORP NEW,A,CBSA,515120,N,A,R,21866,0,1,4833,12485710,,,,,,,,,48.000,483.000,,,,,,,,,,,,,,,31.700,32.420,32.020,145700.000,0.006918,32.000,32.060,61221.000,1.000,1.000,31.800,,0.006918,0.004,0.004,0.002,0.002,0.004
75104,2007/05/04,,11,1,4833,12485710,CBS,C B S CORP NEW,A,CBSA,515120,N,A,R,21866,0,1,4833,12485710,,,,,,,,,48.000,483.000,,,,,,,,,,,,,,,31.850,32.280,31.960,95500.000,-0.001874,31.970,32.030,61221.000,1.000,1.000,32.050,,-0.001874,0.003,0.003,0.003,0.002,0.002
75104,2007/05/07,,11,1,4833,12485710,CBS,C B S CORP NEW,A,CBSA,515120,N,A,R,21866,0,1,4833,12485710,,,,,,,,,48.000,483.000,,,,,,,,,,,,,,,31.700,32.200,31.880,106700.000,-0.002503,31.850,31.920,61221.000,1.000,1.000,32.070,,-0.002503,0.003,0.003,0.001,0.001,0.003
75104,2007/05/08,,11,1,4833,12485710,CBS,C B S CORP NEW,A,CBSA,515120,N,A,R,21866,0,1,4833,12485710,,,,,,,,,48.000,483.000,,,,,,,,,,,,,,,31.730,32.050,31.880,80800.000,0.000000,31.870,31.900,61221.000,1.000,1.000,31.790,,0.000000,-0.001,-0.001,-0.002,-0.002,-0.001
75104,2007/05/09,,11,1,4833,12485710,CBS,C B S CORP NEW,A,CBSA,515120,N,A,R,21866,0,1,4833,12485710,,,,,,,,,48.000,483.000,,,,,,,,,,,,,,,31.660,32.010,31.830,114300.000,-0.001568,31.830,31.850,61221.000,1.000,1.000,31.690,,-0.001568,0.004,0.003,0.003,0.003,0.003
75104,2007/05/10,,11,1,4833,12485710,CBS,C B S CORP NEW,A,CBSA,515120,N,A,R,21866,0,1,4833,12485710,,,,,,,,,48.000,483.000,,,,,,,,,,,,,,,31.290,31.890,31.530,67200.000,-0.009425,31.460,31.480,61221.000,1.000,1.000,31.700,,-0.009425,-0.014,-0.014,-0.013,-0.013,-0.014
75104,2007/05/11,,11,1,4833,12485710,CBS,C B S CORP NEW,A,CBSA,515120,N,A,R,21866,0,1,4833,12485710,,,,,,,,,48.000,483.000,,,,,,,,,,,,,,,31.450,31.980,31.810,252300.000,0.008880,31.810,31.840,61221.000,1.000,1.000,31.450,,0.008880,0.010,0.010,0.008,0.008,0.010
75104,2007/05/14,,11,1,4833,12485710,CBS,C B S CORP NEW,A,CBSA,515120,N,A,R,21866,0,1,4833,12485710,,,,,,,,,48.000,483.000,,,,,,,,,,,,,,,31.750,32.130,31.870,110400.000,0.001886,31.830,31.870,61221.000,1.000,1.000,31.800,,0.001886,-0.003,-0.003,-0.005,-0.005,-0.002
75104,2007/05/15,,11,1,4833,12485710,CBS,C B S CORP NEW,A,CBSA,515120,N,A,R,21866,0,1,4833,12485710,,,,,,,,,48.000,483.000,,,,,,,,,,,,,,,31.750,32.150,31.750,47400.000,-0.003765,31.730,31.760,61221.000,1.000,1.000,31.880,,-0.003765,-0.002,-0.002,-0.006,-0.006,-0.001
75104,2007/05/16,,11,1,4833,12485710,CBS,C B S CORP NEW,A,CBSA,515120,N,A,R,21866,0,1,4833,12485710,,,,,,,,,48.000,483.000,,,,,,,,,,,,,,,31.780,32.320,32.050,120700.000,0.009449,32.000,32.030,61221.000,1.000,1.000,31.780,,0.009449,0.007,0.007,0.003,0.002,0.009
75104,2007/05/17,,11,1,4833,12485710,CBS,C B S CORP NEW,A,CBSA,515120,N,A,R,21866,0,1,4833,12485710,,,,,,,,,48.000,483.000,,,,,,,,,,,,,,,31.740,32.110,32.050,160500.000,0.000000,31.990,32.050,61221.000,1.000,1.000,31.910,,0.000000,-0.001,-0.001,-0.002,-0.002,-0.001
75104,2007/05/18,,11,1,4833,12485710,CBS,C B S CORP NEW,A,CBSA,515120,N,A,R,21866,0,1,4833,12485710,,,,,,,,,48.000,483.000,,,,,,,,,,,,,,,32.020,32.570,32.560,47500.000,0.015913,32.520,32.560,61221.000,1.000,1.000,32.020,,0.015913,0.007,0.007,0.006,0.006,0.007
75104,2007/05/21,,11,1,4833,12485710,CBS,C B S CORP NEW,A,CBSA,515120,N,A,R,21866,0,1,4833,12485710,,,,,,,,,48.000,483.000,,,,,,,,,,,,,,,32.500,32.990,32.860,30100.000,0.009214,32.820,32.870,61221.000,1.000,1.000,32.500,,0.009214,0.003,0.003,0.006,0.006,0.002
75104,2007/05/22,,11,1,4833,12485710,CBS,C B S CORP NEW,A,CBSA,515120,N,A,R,21866,0,1,4833,12485710,,,,,,,,,48.000,483.000,,,,,,,,,,,,,,,32.330,33.000,32.780,321700.000,-0.002435,32.780,32.800,61221.000,1.000,1.000,32.730,,-0.002435,0.001,0.001,0.004,0.004,-0.001
75104,2007/05/23,,11,1,4833,12485710,CBS,C B S CORP NEW,A,CBSA,515120,N,A,R,21866,0,1,4833,12485710,,,,,,,,,48.000,483.000,,,,,,,,,,,,,,,32.780,33.290,33.190,60100.000,0.012508,33.160,33.190,61221.000,1.000,1.000,32.780,,0.012508,-0.001,-0.001,-0.001,-0.001,-0.001
75104,2007/05/24,,11,1,4833,12485710,CBS,C B S CORP NEW,A,CBSA,515120,N,A,R,21866,0,1,4833,12485710,,,,,,,,,48.000,483.000,,,,,,,,,,,,,,,32.690,33.400,32.990,296800.000,-0.006026,32.990,33.030,61221.000,1.000,1.000,33.310,,-0.006026,-0.011,-0.011,-0.011,-0.011,-0.010
75104,2007/05/25,,11,1,4833,12485710,CBS,C B S CORP NEW,A,CBSA,515120,N,A,R,21866,0,1,4833,12485710,,,,,,,,,48.000,483.000,,,,,,,,,,,,,,,32.960,33.660,33.610,38600.000,0.018794,33.600,33.630,61221.000,1.000,1.000,32.960,,0.018794,0.006,0.006,0.006,0.006,0.005
75104,2007/05/29,,11,1,4833,12485710,CBS,C B S CORP NEW,A,CBSA,515120,N,A,R,21866,0,1,4833,12485710,,,,,,,,,48.000,483.000,,,,,,,,,,,,,,,33.000,33.370,33.290,156200.000,-0.009521,33.290,33.340,61221.000,1.000,1.000,33.290,,-0.009521,0.003,0.003,0.005,0.005,0.002
75104,2007/05/30,,11,1,4833,12485710,CBS,C B S CORP NEW,A,CBSA,515120,N,A,R,21866,0,1,4833,12485710,,,,,,,,,48.000,483.000,,,,,,,,,,,,,,,32.990,33.590,33.530,56700.000,0.007209,33.530,33.560,61221.000,1.000,1.000,33.250,,0.007209,0.008,0.008,0.004,0.004,0.008
75104,2007/05/31,,11,1,4833,12485710,CBS,C B S CORP NEW,A,CBSA,515120,N,A,R,21866,0,1,4833,12485710,2007/05/24,,,,,2007/07/01,2007/06/04,0.000,48.000,483.000,1232.000,0.220,0.000,0.000,,,,,,,,,,,32.980,33.320,33.230,21200.000,-0.002386,33.200,33.250,61219.000,1.000,1.000,33.320,,-0.008947,0.002,0.002,0.005,0.004,0.000
75104,2007/06/01,,11,1,4833,12485710,CBS,C B S CORP NEW,A,CBSA,515120,N,A,R,21866,0,1,4833,12485710,,,,,,,,,48.000,483.000,,,,,,,,,,,,,,,33.040,33.580,33.450,136800.000,0.006621,33.450,33.470,61219.000,1.000,1.000,33.100,,0.006621,0.005,0.005,0.005,0.005,0.004
75104,2007/06/04,,11,1,4833,12485710,CBS,C B S CORP NEW,A,CBSA,515120,N,A,R,21866,0,1,4833,12485710,,,,,,,,,48.000,483.000,,,,,,,,,,,,,,,32.600,33.680,33.650,268800.000,0.005979,33.590,33.650,61219.000,1.000,1.000,33.380,,0.005979,0.002,0.002,0.003,0.002,0.002
75104,2007/06/05,,11,1,4833,12485710,CBS,C B S CORP NEW,A,CBSA,515120,N,A,R,21866,0,1,4833,12485710,,,,,,,,,48.000,483.000,,,,,,,,,,,,,,,33.110,33.790,33.530,55400.000,-0.003566,33.510,33.530,61219.000,1.000,1.000,33.420,,-0.003566,-0.005,-0.005,-0.004,-0.004,-0.005
75104,2007/06/06,,11,1,4833,12485710,CBS,C B S CORP NEW,A,CBSA,515120,N,A,R,21866,0,1,4833,12485710,,,,,,,,,48.000,483.000,,,,,,,,,,,,,,,32.870,33.330,33.030,107000.000,-0.014912,33.020,33.060,61219.000,1.000,1.000,33.330,,-0.014912,-0.009,-0.010,-0.007,-0.007,-0.009
75104,2007/06/07,,11,1,4833,12485710,CBS,C B S CORP NEW,A,CBSA,515120,N,A,R,21866,0,1,4833,12485710,,,,,,,,,48.000,483.000,,,,,,,,,,,,,,,32.560,33.070,32.650,241300.000,-0.011505,32.590,32.710,61219.000,1.000,1.000,33.070,,-0.011505,-0.018,-0.018,-0.014,-0.014,-0.018
75104,2007/06/08,,11,1,4833,12485710,CBS,C B S CORP NEW,A,CBSA,515120,N,A,R,21866,0,1,4833,12485710,,,,,,,,,48.000,483.000,,,,,,,,,,,,,,,32.380,33.100,33.020,270600.000,0.011332,33.010,33.060,61219.000,1.000,1.000,32.380,,0.011332,0.011,0.011,0.006,0.006,0.011
75104,2007/06/11,,11,1,4833,12485710,CBS,C B S CORP NEW,A,CBSA,515120,N,A,R,21866,0,1,4833,12485710,,,,,,,,,48.000,483.000,,,,,,,,,,,,,,,32.850,33.300,33.060,184000.000,0.001211,33.060,33.130,61219.000,1.000,1.000,33.000,,0.001211,0.001,0.001,0.000,0.000,0.001
75104,2007/06/12,,11,1,4833,12485710,CBS,C B S CORP NEW,A,CBSA,515120,N,A,R,21866,0,1,4833,12485710,,,,,,,,,48.000,483.000,,,,,,,,,,,,,,,32.430,33.150,32.810,127600.000,-0.007562,32.800,32.840,61219.000,1.000,1.000,32.800,,-0.007562,-0.011,-0.011,-0.010,-0.010,-0.011
75104,2007/06/13,,11,1,4833,12485710,CBS,C B S CORP NEW,A,CBSA,515120,N,A,R,21866,0,1,4833,12485710,,,,,,,,,48.000,483.000,,,,,,,,,,,,,,,32.760,33.130,33.110,52500.000,0.009144,33.090,33.120,61219.000,1.000,1.000,32.800,,0.009144,0.014,0.014,0.009,0.008,0.015
75104,2007/06/14,,11,1,4833,12485710,CBS,C B S CORP NEW,A,CBSA,515120,N,A,R,21866,0,1,4833,12485710,,,,,,,,,48.000,483.000,,,,,,,,,,,,,,,32.950,33.110,33.100,23200.000,-0.000302,33.070,33.130,61219.000,1.000,1.000,33.080,,-0.000302,0.005,0.005,0.005,0.005,0.005
75104,2007/06/15,,11,1,4833,12485710,CBS,C B S CORP NEW,A,CBSA,515120,N,A,R,21866,0,1,4833,12485710,,,,,,,,,48.000,483.000,,,,,,,,,,,,,,,32.870,33.560,33.190,295400.000,0.002719,33.190,33.260,61219.000,1.000,1.000,33.370,,0.002719,0.007,0.007,0.008,0.008,0.007
75104,2007/06/18,,11,1,4833,12485710,CBS,C B S CORP NEW,A,CBSA,515120,N,A,R,21866,0,1,4833,12485710,,,,,,,,,48.000,483.000,,,,,,,,,,,,,,,32.800,33.470,33.380,213400.000,0.005725,33.300,34.210,61219.000,1.000,1.000,33.300,,0.005725,-0.001,-0.001,0.000,0.000,-0.001
75104,2007/06/19,,11,1,4833,12485710,CBS,C B S CORP NEW,A,CBSA,515120,N,A,R,21866,0,1,4833,12485710,,,,,,,,,48.000,483.000,,,,,,,,,,,,,,,33.070,33.550,33.440,38800.000,0.001797,33.430,33.470,61219.000,1.000,1.000,33.170,,0.001797,0.002,0.002,0.003,0.003,0.002
75104,2007/06/20,,11,1,4833,12485710,CBS,C B S CORP NEW,A,CBSA,515120,N,A,R,21866,0,1,4833,12485710,,,,,,,,,48.000,483.000,,,,,,,,,,,,,,,33.170,33.670,33.200,73600.000,-0.007177,33.160,33.180,61219.000,1.000,1.000,33.530,,-0.007177,-0.013,-0.013,-0.008,-0.008,-0.014
75104,2007/06/21,,11,1,4833,12485710,CBS,C B S CORP NEW,A,CBSA,515120,N,A,R,21866,0,1,4833,12485710,,,,,,,,,48.000,483.000,,,,,,,,,,,,,,,32.540,33.140,32.810,65700.000,-0.011747,32.750,32.790,61219.000,1.000,1.000,33.140,,-0.011747,0.005,0.005,0.002,0.002,0.006
75104,2007/06/22,,11,1,4833,12485710,CBS,C B S CORP NEW,A,CBSA,515120,N,A,R,21866,0,1,4833,12485710,,,,,,,,,48.000,483.000,,,,,,,,,,,,,,,32.440,32.770,32.560,60300.000,-0.007620,32.510,32.560,61219.000,1.000,1.000,32.740,,-0.007620,-0.011,-0.011,-0.006,-0.006,-0.013
75104,2007/06/25,,11,1,4833,12485710,CBS,C B S CORP NEW,A,CBSA,515120,N,A,R,21866,0,1,4833,12485710,,,,,,,,,48.000,483.000,,,,,,,,,,,,,,,32.470,32.930,32.630,57000.000,0.002150,32.630,32.680,61219.000,1.000,1.000,32.570,,0.002150,-0.005,-0.005,-0.006,-0.006,-0.003
75104,2007/06/26,,11,1,4833,12485710,CBS,C B S CORP NEW,A,CBSA,515120,N,A,R,21866,0,1,4833,12485710,,,,,,,,,48.000,483.000,,,,,,,,,,,,,,,32.610,32.970,32.760,49100.000,0.003984,32.740,32.760,61219.000,1.000,1.000,32.710,,0.003984,-0.004,-0.004,-0.003,-0.003,-0.003
75104,2007/06/27,,11,1,4833,12485710,CBS,C B S CORP NEW,A,CBSA,515120,N,A,R,21866,0,1,4833,12485710,,,,,,,,,48.000,483.000,,,,,,,,,,,,,,,32.760,33.100,33.050,33500.000,0.008852,33.030,33.100,61219.000,1.000,1.000,32.760,,0.008852,0.009,0.009,0.008,0.008,0.009
75104,2007/06/28,,11,1,4833,12485710,CBS,C B S CORP NEW,A,CBSA,515120,N,A,R,21866,0,1,4833,12485710,,,,,,,,,48.000,483.000,,,,,,,,,,,,,,,32.950,33.390,33.230,60900.000,0.005446,33.220,33.270,61219.000,1.000,1.000,33.100,,0.005446,0.001,0.001,0.002,0.002,-0.000
75104,2007/06/29,,11,1,4833,12485710,CBS,C B S CORP NEW,A,CBSA,515120,N,A,R,21866,0,1,4833,12485710,,,,,,,,0.000,48.000,483.000,,,,,,,,,,,,,,,33.100,34.000,33.330,105500.000,0.003009,33.310,33.330,61219.000,1.000,1.000,33.170,,0.003009,-0.001,-0.001,0.000,0.000,-0.002
