PERMNO,date,NAMEENDT,SHRCD,EXCHCD,SICCD,NCUSIP,TICKER,COMNAM,SHRCLS,TSYMBOL,NAICS,PRIMEXCH,TRDSTAT,SECSTAT,PERMCO,ISSUNO,HEXCD,HSICCD,CUSIP,DCLRDT,DLAMT,DLPDT,DLSTCD,NEXTDT,PAYDT,RCRDDT,SHRFLG,HSICMG,HSICIG,DISTCD,DIVAMT,FACPR,FACSHR,ACPERM,ACCOMP,NWPERM,DLRETX,DLPRC,DLRET,TRTSCD,NMSIND,MMCNT,NSDINX,BIDLO,ASKHI,PRC,VOL,RET,BID,ASK,SHROUT,CFACPR,CFACSHR,OPENPRC,NUMTRD,RETX,vwretd,vwretx,ewretd,ewretx,sprtrn
75154,2001/01/02,,12,1,4481,14365810,CCL,CARNIVAL CORP,,,,N,A,R,20394,0,1,4481,14365830,,,,,,,,,,,,,,,,,,,,,,,,,27.812,30.125,28.312,1731600.000,-0.081136,,,584470.000,1.000,1.000,30.000,,-0.081136,-0.034,-0.034,-0.001,-0.001,-0.028
75154,2001/01/03,,12,1,4481,14365810,CCL,CARNIVAL CORP,,,,N,A,R,20394,0,1,4481,14365830,,,,,,,,,,,,,,,,,,,,,,,,,27.562,30.250,30.250,2633400.000,0.068433,,,584470.000,1.000,1.000,27.875,,0.068433,0.053,0.053,0.046,0.046,0.050
75154,2001/01/04,,12,1,4481,14365810,CCL,CARNIVAL CORP,,,,N,A,R,20394,0,1,4481,14365830,,,,,,,,,,,,,,,,,,,,,,,,,29.875,31.750,30.250,2874200.000,0.000000,,,584470.000,1.000,1.000,30.000,,0.000000,-0.012,-0.012,0.011,0.011,-0.011
75154,2001/01/05,,12,1,4481,14365810,CCL,CARNIVAL CORP,,,,N,A,R,20394,0,1,4481,14365830,,,,,,,,,,,,,,,,,,,,,,,,,29.625,30.312,30.000,1337100.000,-0.008264,,,584470.000,1.000,1.000,30.125,,-0.008264,-0.029,-0.029,-0.009,-0.009,-0.026
75154,2001/01/08,,12,1,4481,14365810,CCL,CARNIVAL CORP,,,,N,A,R,20394,0,1,4481,14365830,,,,,,,,,,,,,,,,,,,,,,,,,29.438,30.188,29.750,889000.000,-0.008333,,,584470.000,1.000,1.000,29.750,,-0.008333,-0.003,-0.004,-0.005,-0.005,-0.002
75154,2001/01/09,,12,1,4481,14365810,CCL,CARNIVAL CORP,,,,N,A,R,20394,0,1,4481,14365830,,,,,,,,,,,,,,,,,,,,,,,,,28.688,29.875,29.750,1995200.000,0.000000,,,584470.000,1.000,1.000,29.000,,0.000000,0.005,0.005,0.012,0.012,0.004
75154,2001/01/10,,12,1,4481,14365810,CCL,CARNIVAL CORP,,,,N,A,R,20394,0,1,4481,14365830,,,,,,,,,,,,,,,,,,,,,,,,,29.000,29.688,29.250,1247300.000,-0.016807,,,584470.000,1.000,1.000,29.562,,-0.016807,0.014,0.014,0.021,0.020,0.010
75154,2001/01/11,,12,1,4481,14365810,CCL,CARNIVAL CORP,,,,N,A,R,20394,0,1,4481,14365830,,,,,,,,,,,,,,,,,,,,,,,,,28.625,29.625,29.312,1297400.000,0.002137,,,584470.000,1.000,1.000,29.375,,0.002137,0.015,0.015,0.027,0.027,0.010
75154,2001/01/12,,12,1,4481,14365810,CCL,CARNIVAL CORP,,,,N,A,R,20394,0,1,4481,14365830,,,,,,,,,,,,,,,,,,,,,,,,,28.625,30.000,29.812,1778400.000,0.017058,28.312,30.000,584470.000,1.000,1.000,28.625,,0.017058,-0.004,-0.004,0.019,0.019,-0.006
75154,2001/01/16,,12,1,4481,14365810,CCL,CARNIVAL CORP,,,,N,A,R,20394,0,1,4481,14365830,,,,,,,,,,,,,,,,,,,,,,,,,29.562,32.062,31.875,2995600.000,0.069182,,,584470.000,1.000,1.000,29.688,,0.069182,0.006,0.006,0.019,0.019,0.006
75154,2001/01/17,,12,1,4481,14365810,CCL,CARNIVAL CORP,,,,N,A,R,20394,0,1,4481,14365830,,,,,,,,,,,,,,,,,,,,,,,,,32.188,34.000,33.125,2946100.000,0.039216,,,584470.000,1.000,1.000,32.875,,0.039216,0.004,0.004,0.013,0.013,0.002
75154,2001/01/18,,12,1,4481,14365810,CCL,CARNIVAL CORP,,,,N,A,R,20394,0,1,4481,14365830,,,,,,,,,,,,,,,,,,,,,,,,,31.812,33.312,32.875,2684100.000,-0.007547,,,584470.000,1.000,1.000,33.250,,-0.007547,0.012,0.012,0.009,0.008,0.014
75154,2001/01/19,,12,1,4481,14365810,CCL,CARNIVAL CORP,,,,N,A,R,20394,0,1,4481,14365830,,,,,,,,,,,,,,,,,,,,,,,,,30.562,32.312,31.000,1671700.000,-0.057034,,,584470.000,1.000,1.000,32.250,,-0.057034,-0.004,-0.004,0.004,0.004,-0.004
75154,2001/01/22,,12,1,4481,14365810,CCL,CARNIVAL CORP,,,,N,A,R,20394,0,1,4481,14365830,,,,,,,,,,,,,,,,,,,,,,,,,30.375,33.000,33.000,1890500.000,0.064516,,,584470.000,1.000,1.000,31.000,,0.064516,0.000,0.000,0.005,0.005,0.000
75154,2001/01/23,,12,1,4481,14365810,CCL,CARNIVAL CORP,,,,N,A,R,20394,0,1,4481,14365830,,,,,,,,,,,,,,,,,,,,,,,,,32.312,34.438,33.812,2514900.000,0.024621,,,584470.000,1.000,1.000,33.000,,0.024621,0.016,0.016,0.015,0.015,0.013
75154,2001/01/24,,12,1,4481,14365810,CCL,CARNIVAL CORP,,,,N,A,R,20394,0,1,4481,14365830,,,,,,,,,,,,,,,,,,,,,,,,,33.750,34.938,33.750,2339600.000,-0.001848,,,584470.000,1.000,1.000,33.875,,-0.001848,0.003,0.003,0.007,0.007,0.003
75154,2001/01/25,,12,1,4481,14365810,CCL,CARNIVAL CORP,,,,N,A,R,20394,0,1,4481,14365830,,,,,,,,,,,,,,,,,,,,,,,,,32.438,33.375,32.750,2095300.000,-0.029630,,,584470.000,1.000,1.000,32.750,,-0.029630,-0.008,-0.008,-0.003,-0.003,-0.005
75154,2001/01/26,,12,1,4481,14365810,CCL,CARNIVAL CORP,,,,N,A,R,20394,0,1,4481,14365830,,,,,,,,,,,,,,,,,,,,,,,,,32.438,33.062,33.062,1274700.000,0.009542,,,584470.000,1.000,1.000,32.500,,0.009542,-0.001,-0.001,0.002,0.002,-0.002
75154,2001/01/29,,12,1,4481,14365810,CCL,CARNIVAL CORP,,,,N,A,R,20394,0,1,4481,14365830,,,,,,,,,,,,,,,,,,,,,,,,,32.000,33.610,33.350,1112800.000,0.008696,32.750,34.000,584470.000,1.000,1.000,32.800,,0.008696,0.009,0.009,0.010,0.010,0.007
75154,2001/01/30,,12,1,4481,14365810,CCL,CARNIVAL CORP,,,,N,A,R,20394,0,1,4481,14365830,,,,,,,,,,,,,,,,,,,,,,,,,31.930,33.400,32.600,1435700.000,-0.022489,32.000,33.250,584470.000,1.000,1.000,33.200,,-0.022489,0.007,0.007,0.010,0.009,0.007
75154,2001/01/31,,12,1,4481,14365810,CCL,CARNIVAL CORP,,,,N,A,R,20394,0,1,4481,14365830,,,,,,,,0.000,,,,,,,,,,,,,,,,,31.550,32.600,32.260,1198300.000,-0.010429,,,584470.000,1.000,1.000,31.700,,-0.010429,-0.007,-0.007,-0.000,-0.000,-0.006
75154,2001/02/01,,12,1,4481,14365810,CCL,CARNIVAL CORP,,,,N,A,R,20394,0,1,4481,14365830,,,,,,,,,,,,,,,,,,,,,,,,,31.490,32.700,31.660,965200.000,-0.018599,,,584470.000,1.000,1.000,32.700,,-0.018599,0.004,0.004,0.002,0.002,0.005
75154,2001/02/02,,12,1,4481,14365810,CCL,CARNIVAL CORP,,,,N,A,R,20394,0,1,4481,14365830,,,,,,,,,,,,,,,,,,,,,,,,,30.720,31.820,30.750,1471200.000,-0.028743,,,584470.000,1.000,1.000,31.670,,-0.028743,-0.019,-0.019,-0.009,-0.009,-0.017
75154,2001/02/05,,12,1,4481,14365810,CCL,CARNIVAL CORP,,,,N,A,R,20394,0,1,4481,14365830,,,,,,,,,,,,,,,,,,,,,,,,,30.320,33.090,32.700,2318300.000,0.063415,,,584470.000,1.000,1.000,30.400,,0.063415,0.002,0.002,-0.004,-0.004,0.004
75154,2001/02/06,,12,1,4481,14365810,CCL,CARNIVAL CORP,,,,N,A,R,20394,0,1,4481,14365830,,,,,,,,,,,,,,,,,,,,,,,,,31.840,33.250,32.630,1590500.000,-0.002141,,,584470.000,1.000,1.000,32.700,,-0.002141,0.000,0.000,0.002,0.002,-0.002
75154,2001/02/07,,12,1,4481,14365810,CCL,CARNIVAL CORP,,,,N,A,R,20394,0,1,4481,14365830,,,,,,,,,,,,,,,,,,,,,,,,,32.400,34.500,33.740,2283800.000,0.034018,,,584470.000,1.000,1.000,32.500,,0.034018,-0.009,-0.009,-0.004,-0.004,-0.008
75154,2001/02/08,,12,1,4481,14365810,CCL,CARNIVAL CORP,,,,N,A,R,20394,0,1,4481,14365830,,,,,,,,,,,,,,,,,,,,,,,,,33.340,34.700,33.450,1757700.000,-0.008595,,,584470.000,1.000,1.000,33.900,,-0.008595,-0.006,-0.007,-0.003,-0.003,-0.006
75154,2001/02/09,,12,1,4481,14365810,CCL,CARNIVAL CORP,,,,N,A,R,20394,0,1,4481,14365830,,,,,,,,,,,,,,,,,,,,,,,,,32.450,33.100,32.820,1381800.000,-0.018834,,,584470.000,1.000,1.000,33.100,,-0.018834,-0.014,-0.014,-0.009,-0.009,-0.013
75154,2001/02/12,,12,1,4481,14365810,CCL,CARNIVAL CORP,,,,N,A,R,20394,0,1,4481,14365830,,,,,,,,,,,,,,,,,,,,,,,,,32.400,33.000,32.630,957600.000,-0.005789,,,584470.000,1.000,1.000,32.820,,-0.005789,0.010,0.010,0.005,0.005,0.012
75154,2001/02/13,,12,1,4481,14365810,CCL,CARNIVAL CORP,,,,N,A,R,20394,0,1,4481,14365830,,,,,,,,,,,,,,,,,,,,,,,,,31.600,32.500,31.730,1181800.000,-0.027582,,,584470.000,1.000,1.000,32.200,,-0.027582,-0.009,-0.009,-0.003,-0.004,-0.009
75154,2001/02/14,,12,1,4481,14365810,CCL,CARNIVAL CORP,,,,N,A,R,20394,0,1,4481,14365830,,,,,,,,,,,,,,,,,,,,,,,,,30.640,31.990,31.200,1269300.000,-0.016703,,,584470.000,1.000,1.000,31.850,,-0.016703,-0.000,-0.000,-0.000,-0.001,-0.002
75154,2001/02/15,,12,1,4481,14365810,CCL,CARNIVAL CORP,,,,N,A,R,20394,0,1,4481,14365830,,,,,,,,,,,,,,,,,,,,,,,,,31.100,32.460,31.840,2197600.000,0.020513,,,584470.000,1.000,1.000,31.200,,0.020513,0.009,0.009,0.009,0.009,0.008
75154,2001/02/16,,12,1,4481,14365810,CCL,CARNIVAL CORP,,,,N,A,R,20394,0,1,4481,14365830,,,,,,,,,,,,,,,,,,,,,,,,,31.630,32.810,32.430,1827400.000,0.018530,,,584470.000,1.000,1.000,31.840,,0.018530,-0.021,-0.021,-0.014,-0.014,-0.019
75154,2001/02/20,,12,1,4481,14365810,CCL,CARNIVAL CORP,,,,N,A,R,20394,0,1,4481,14365830,,,,,,,,,,,,,,,,,,,,,,,,,32.500,34.900,32.950,2120300.000,0.016035,,,584470.000,1.000,1.000,32.550,,0.016035,-0.019,-0.019,-0.012,-0.012,-0.017
75154,2001/02/21,,12,1,4481,14365810,CCL,CARNIVAL CORP,,,,N,A,R,20394,0,1,4481,14365830,,,,,,,,,,,,,,,,,,,,,,,,,32.010,32.850,32.200,816000.000,-0.022762,,,584470.000,1.000,1.000,32.750,,-0.022762,-0.018,-0.018,-0.016,-0.016,-0.019
75154,2001/02/22,,12,1,4481,14365810,CCL,CARNIVAL CORP,,,,N,A,R,20394,0,1,4481,14365830,,,,,,,,,,,,,,,,,,,,,,,,,30.910,32.100,31.100,1124200.000,-0.034162,,,584470.000,1.000,1.000,32.000,,-0.034162,-0.005,-0.005,-0.011,-0.011,-0.002
75154,2001/02/23,,12,1,4481,14365810,CCL,CARNIVAL CORP,,,,N,A,R,20394,0,1,4481,14365830,,,,,,,,,,,,,,,,,,,,,,,,,28.850,31.090,30.010,1948400.000,-0.035048,,,584470.000,1.000,1.000,31.000,,-0.035048,-0.004,-0.004,-0.003,-0.003,-0.006
75154,2001/02/26,,12,1,4481,14365810,CCL,CARNIVAL CORP,,,,N,A,R,20394,0,1,4481,14365830,2001/01/11,,,,,2001/03/14,2001/02/28,0.000,,,1232.000,0.105,0.000,0.000,,,,,,,,,,,30.270,31.000,30.900,1344900.000,0.033156,,,584470.000,1.000,1.000,30.400,,0.029657,0.019,0.019,0.016,0.016,0.017
75154,2001/02/27,,12,1,4481,14365810,CCL,CARNIVAL CORP,,,,N,A,R,20394,0,1,4481,14365830,,,,,,,,,,,,,,,,,,,,,,,,,31.750,33.500,32.750,2468500.000,0.059871,,,584470.000,1.000,1.000,31.750,,0.059871,-0.012,-0.012,-0.012,-0.012,-0.008
75154,2001/02/28,,12,1,4481,14365810,CCL,CARNIVAL CORP,,,,N,A,R,20394,0,1,4481,14365830,,,,,,,,0.000,,,,,,,,,,,,,,,,,32.600,33.510,33.340,2037500.000,0.018015,,,584470.000,1.000,1.000,32.760,,0.018015,-0.014,-0.014,-0.008,-0.008,-0.014
75154,2001/03/01,,12,1,4481,14365810,CCL,CARNIVAL CORP,,,,N,A,R,20394,0,1,4481,14365830,,,,,,,,,,,,,,,,,,,,,,,,,31.800,33.400,32.260,1387900.000,-0.032394,,,584470.000,1.000,1.000,33.400,,-0.032394,0.000,0.000,-0.006,-0.006,0.001
75154,2001/03/02,,12,1,4481,14365810,CCL,CARNIVAL CORP,,,,N,A,R,20394,0,1,4481,14365830,,,,,,,,,,,,,,,,,,,,,,,,,30.700,31.720,31.250,1783400.000,-0.031308,31.260,31.350,584470.000,1.000,1.000,31.300,,-0.031308,-0.005,-0.005,0.005,0.005,-0.006
75154,2001/03/05,,12,1,4481,14365810,CCL,CARNIVAL CORP,,,,N,A,R,20394,0,1,4481,14365830,,,,,,,,,,,,,,,,,,,,,,,,,30.300,31.820,30.490,1222200.000,-0.024320,,,584470.000,1.000,1.000,31.600,,-0.024320,0.005,0.005,0.002,0.002,0.006
75154,2001/03/06,,12,1,4481,14365810,CCL,CARNIVAL CORP,,,,N,A,R,20394,0,1,4481,14365830,,,,,,,,,,,,,,,,,,,,,,,,,30.960,32.000,31.130,875800.000,0.020990,,,584470.000,1.000,1.000,32.000,,0.020990,0.011,0.011,0.010,0.010,0.010
75154,2001/03/07,,12,1,4481,14365810,CCL,CARNIVAL CORP,,,,N,A,R,20394,0,1,4481,14365830,,,,,,,,,,,,,,,,,,,,,,,,,30.520,31.200,30.750,1589500.000,-0.012207,,,584470.000,1.000,1.000,31.150,,-0.012207,0.006,0.006,0.006,0.005,0.006
75154,2001/03/08,,12,1,4481,14365810,CCL,CARNIVAL CORP,,,,N,A,R,20394,0,1,4481,14365830,,,,,,,,,,,,,,,,,,,,,,,,,30.270,30.940,30.500,1916900.000,-0.008130,,,584470.000,1.000,1.000,30.750,,-0.008130,-0.001,-0.001,-0.004,-0.004,0.002
75154,2001/03/09,,12,1,4481,14365810,CCL,CARNIVAL CORP,,,,N,A,R,20394,0,1,4481,14365830,,,,,,,,,,,,,,,,,,,,,,,,,29.960,30.460,30.050,1369400.000,-0.014754,,,584470.000,1.000,1.000,30.300,,-0.014754,-0.024,-0.024,-0.015,-0.015,-0.025
75154,2001/03/12,,12,1,4481,14365810,CCL,CARNIVAL CORP,,,,N,A,R,20394,0,1,4481,14365830,,,,,,,,,,,,,,,,,,,,,,,,,27.270,29.600,27.420,2667400.000,-0.087521,,,584470.000,1.000,1.000,29.250,,-0.087521,-0.042,-0.042,-0.031,-0.031,-0.043
75154,2001/03/13,,12,1,4481,14365810,CCL,CARNIVAL CORP,,,,N,A,R,20394,0,1,4481,14365830,,,,,,,,,,,,,,,,,,,,,,,,,27.410,28.500,28.320,1811300.000,0.032823,,,584470.000,1.000,1.000,27.410,,0.032823,0.015,0.015,0.005,0.005,0.015
75154,2001/03/14,,12,1,4481,14365810,CCL,CARNIVAL CORP,,,,N,A,R,20394,0,1,4481,14365830,,,,,,,,,,,,,,,,,,,,,,,,,25.500,27.750,26.620,3159400.000,-0.060028,,,584470.000,1.000,1.000,26.000,,-0.060028,-0.025,-0.025,-0.018,-0.018,-0.026
75154,2001/03/15,,12,1,4481,14365810,CCL,CARNIVAL CORP,,,,N,A,R,20394,0,1,4481,14365830,,,,,,,,,,,,,,,,,,,,,,,,,27.110,28.490,27.960,2498800.000,0.050338,,,584470.000,1.000,1.000,27.250,,0.050338,0.003,0.003,-0.000,-0.000,0.006
75154,2001/03/16,,12,1,4481,14365810,CCL,CARNIVAL CORP,,,,N,A,R,20394,0,1,4481,14365830,,,,,,,,,,,,,,,,,,,,,,,,,27.030,28.370,27.590,2594300.000,-0.013233,,,584470.000,1.000,1.000,27.250,,-0.013233,-0.021,-0.021,-0.018,-0.018,-0.020
75154,2001/03/19,,12,1,4481,14365810,CCL,CARNIVAL CORP,,,,N,A,R,20394,0,1,4481,14365830,,,,,,,,,,,,,,,,,,,,,,,,,27.190,28.100,27.370,1427500.000,-0.007974,,,584470.000,1.000,1.000,28.100,,-0.007974,0.019,0.019,0.009,0.009,0.018
75154,2001/03/20,,12,1,4481,14365810,CCL,CARNIVAL CORP,,,,N,A,R,20394,0,1,4481,14365830,,,,,,,,,,,,,,,,,,,,,,,,,27.000,28.930,27.040,1481200.000,-0.012057,,,584470.000,1.000,1.000,27.400,,-0.012057,-0.023,-0.023,-0.008,-0.009,-0.024
75154,2001/03/21,,12,1,4481,14365810,CCL,CARNIVAL CORP,,,,N,A,R,20394,0,1,4481,14365830,,,,,,,,,,,,,,,,,,,,,,,,,24.800,27.100,25.230,3517500.000,-0.066938,,,584470.000,1.000,1.000,27.050,,-0.066938,-0.019,-0.019,-0.016,-0.016,-0.018
75154,2001/03/22,,12,1,4481,14365810,CCL,CARNIVAL CORP,,,,N,A,R,20394,0,1,4481,14365830,,,,,,,,,,,,,,,,,,,,,,,,,23.600,25.900,24.330,2470600.000,-0.035672,,,584470.000,1.000,1.000,25.900,,-0.035672,-0.004,-0.005,-0.011,-0.011,-0.004
75154,2001/03/23,,12,1,4481,14365810,CCL,CARNIVAL CORP,,,,N,A,R,20394,0,1,4481,14365830,,,,,,,,,,,,,,,,,,,,,,,,,23.780,25.070,25.000,3004100.000,0.027538,,,584470.000,1.000,1.000,24.100,,0.027538,0.020,0.020,0.021,0.021,0.020
75154,2001/03/26,,12,1,4481,14365810,CCL,CARNIVAL CORP,,,,N,A,R,20394,0,1,4481,14365830,,,,,,,,,,,,,,,,,,,,,,,,,25.400,26.390,25.540,1734500.000,0.021600,,,584470.000,1.000,1.000,26.000,,0.021600,0.011,0.011,0.007,0.007,0.011
75154,2001/03/27,,12,1,4481,14365810,CCL,CARNIVAL CORP,,,,N,A,R,20394,0,1,4481,14365830,,,,,,,,,,,,,,,,,,,,,,,,,25.400,27.020,26.650,1855400.000,0.043461,,,584470.000,1.000,1.000,25.500,,0.043461,0.023,0.023,0.009,0.009,0.026
75154,2001/03/28,,12,1,4481,14365810,CCL,CARNIVAL CORP,,,,N,A,R,20394,0,1,4481,14365830,,,,,,,,,,,,,,,,,,,,,,,,,26.000,27.150,26.950,1451200.000,0.011257,,,584470.000,1.000,1.000,26.650,,0.011257,-0.026,-0.026,-0.018,-0.018,-0.024
75154,2001/03/29,,12,1,4481,14365810,CCL,CARNIVAL CORP,,,,N,A,R,20394,0,1,4481,14365830,,,,,,,,,,,,,,,,,,,,,,,,,26.750,28.230,27.630,2110600.000,0.025232,,,584470.000,1.000,1.000,26.900,,0.025232,-0.005,-0.005,-0.007,-0.007,-0.005
75154,2001/03/30,,12,1,4481,14365810,CCL,CARNIVAL CORP,,,,N,A,R,20394,0,1,4481,14365830,,,,,,,,0.000,,,,,,,,,,,,,,,,,27.130,28.380,27.670,1317100.000,0.001448,,,584714.000,1.000,1.000,27.620,,0.001448,0.012,0.012,0.016,0.016,0.011
75154,2001/04/02,,12,1,4481,14365810,CCL,CARNIVAL CORP,,,,N,A,R,20394,0,1,4481,14365830,,,,,,,,,,,,,,,,,,,,,,,,,27.120,28.430,27.160,1263200.000,-0.018432,,,584714.000,1.000,1.000,27.750,,-0.018432,-0.016,-0.016,-0.021,-0.021,-0.012
75154,2001/04/03,,12,1,4481,14365810,CCL,CARNIVAL CORP,,,,N,A,R,20394,0,1,4481,14365830,,,,,,,,,,,,,,,,,,,,,,,,,25.510,27.200,25.860,1673000.000,-0.047864,,,584714.000,1.000,1.000,27.200,,-0.047864,-0.036,-0.036,-0.034,-0.034,-0.034
75154,2001/04/04,,12,1,4481,14365810,CCL,CARNIVAL CORP,,,,N,A,R,20394,0,1,4481,14365830,,,,,,,,,,,,,,,,,,,,,,,,,25.000,27.000,26.580,1327300.000,0.027842,,,584714.000,1.000,1.000,25.700,,0.027842,-0.003,-0.003,-0.008,-0.008,-0.003
75154,2001/04/05,,12,1,4481,14365810,CCL,CARNIVAL CORP,,,,N,A,R,20394,0,1,4481,14365830,,,,,,,,,,,,,,,,,,,,,,,,,26.590,28.240,27.930,1131000.000,0.050790,,,584714.000,1.000,1.000,26.590,,0.050790,0.046,0.046,0.039,0.039,0.044
75154,2001/04/06,,12,1,4481,14365810,CCL,CARNIVAL CORP,,,,N,A,R,20394,0,1,4481,14365830,,,,,,,,,,,,,,,,,,,,,,,,,26.570,27.700,27.200,1189100.000,-0.026137,,,584714.000,1.000,1.000,27.400,,-0.026137,-0.020,-0.020,-0.013,-0.013,-0.020
75154,2001/04/09,,12,1,4481,14365810,CCL,CARNIVAL CORP,,,,N,A,R,20394,0,1,4481,14365830,,,,,,,,,,,,,,,,,,,,,,,,,27.100,27.850,27.670,688700.000,0.017279,,,584714.000,1.000,1.000,27.450,,0.017279,0.009,0.009,0.006,0.006,0.008
75154,2001/04/10,,12,1,4481,14365810,CCL,CARNIVAL CORP,,,,N,A,R,20394,0,1,4481,14365830,,,,,,,,,,,,,,,,,,,,,,,,,27.270,28.500,27.750,1791100.000,0.002891,,,584714.000,1.000,1.000,27.800,,0.002891,0.029,0.029,0.023,0.023,0.027
75154,2001/04/11,,12,1,4481,14365810,CCL,CARNIVAL CORP,,,,N,A,R,20394,0,1,4481,14365830,,,,,,,,,,,,,,,,,,,,,,,,,26.800,28.140,27.650,1557300.000,-0.003604,,,584714.000,1.000,1.000,27.700,,-0.003604,-0.001,-0.001,0.007,0.007,-0.002
75154,2001/04/12,,12,1,4481,14365810,CCL,CARNIVAL CORP,,,,N,A,R,20394,0,1,4481,14365830,,,,,,,,,,,,,,,,,,,,,,,,,27.250,27.750,27.540,1335200.000,-0.003978,,,584714.000,1.000,1.000,27.250,,-0.003978,0.016,0.016,0.015,0.015,0.015
75154,2001/04/16,,12,1,4481,14365810,CCL,CARNIVAL CORP,,,,N,A,R,20394,0,1,4481,14365830,,,,,,,,,,,,,,,,,,,,,,,,,27.090,27.880,27.320,968300.000,-0.007988,,,584714.000,1.000,1.000,27.540,,-0.007988,-0.005,-0.005,-0.004,-0.004,-0.003
75154,2001/04/17,,12,1,4481,14365810,CCL,CARNIVAL CORP,,,,N,A,R,20394,0,1,4481,14365830,,,,,,,,,,,,,,,,,,,,,,,,,25.330,26.500,26.500,2901000.000,-0.030015,,,584714.000,1.000,1.000,26.250,,-0.030015,0.010,0.010,0.005,0.005,0.010
75154,2001/04/18,,12,1,4481,14365810,CCL,CARNIVAL CORP,,,,N,A,R,20394,0,1,4481,14365830,,,,,,,,,,,,,,,,,,,,,,,,,27.230,29.500,29.500,2391500.000,0.113208,,,584714.000,1.000,1.000,27.400,,0.113208,0.040,0.040,0.029,0.029,0.039
75154,2001/04/19,,12,1,4481,14365810,CCL,CARNIVAL CORP,,,,N,A,R,20394,0,1,4481,14365830,,,,,,,,,,,,,,,,,,,,,,,,,27.350,29.170,27.960,1685200.000,-0.052203,,,584714.000,1.000,1.000,29.160,,-0.052203,0.015,0.015,0.016,0.016,0.013
75154,2001/04/20,,12,1,4481,14365810,CCL,CARNIVAL CORP,,,,N,A,R,20394,0,1,4481,14365830,,,,,,,,,,,,,,,,,,,,,,,,,25.590,26.200,26.000,7836000.000,-0.070100,,,584714.000,1.000,1.000,25.750,,-0.070100,-0.008,-0.008,0.001,0.001,-0.009
75154,2001/04/23,,12,1,4481,14365810,CCL,CARNIVAL CORP,,,,N,A,R,20394,0,1,4481,14365830,,,,,,,,,,,,,,,,,,,,,,,,,25.590,26.500,26.480,3663100.000,0.018462,,,584714.000,1.000,1.000,26.100,,0.018462,-0.017,-0.017,-0.008,-0.008,-0.015
75154,2001/04/24,,12,1,4481,14365810,CCL,CARNIVAL CORP,,,,N,A,R,20394,0,1,4481,14365830,,,,,,,,,,,,,,,,,,,,,,,,,25.550,26.330,25.750,1869600.000,-0.027568,,,584714.000,1.000,1.000,26.250,,-0.027568,-0.011,-0.011,0.002,0.002,-0.012
75154,2001/04/25,,12,1,4481,14365810,CCL,CARNIVAL CORP,,,,N,A,R,20394,0,1,4481,14365830,,,,,,,,,,,,,,,,,,,,,,,,,25.000,26.090,25.220,4066200.000,-0.020583,,,584714.000,1.000,1.000,26.000,,-0.020583,0.016,0.016,0.012,0.011,0.016
75154,2001/04/26,,12,1,4481,14365810,CCL,CARNIVAL CORP,,,,N,A,R,20394,0,1,4481,14365830,,,,,,,,,,,,,,,,,,,,,,,,,24.500,25.520,25.190,2735700.000,-0.001189,,,584714.000,1.000,1.000,25.200,,-0.001189,0.005,0.005,0.008,0.007,0.005
75154,2001/04/27,,12,1,4481,14365810,CCL,CARNIVAL CORP,,,,N,A,R,20394,0,1,4481,14365830,,,,,,,,,,,,,,,,,,,,,,,,,24.900,26.040,26.010,1852800.000,0.032553,,,584714.000,1.000,1.000,25.150,,0.032553,0.014,0.014,0.011,0.011,0.015
75154,2001/04/30,,12,1,4481,14365810,CCL,CARNIVAL CORP,,,,N,A,R,20394,0,1,4481,14365830,,,,,,,,0.000,,,,,,,,,,,,,,,,,26.120,26.860,26.500,2189500.000,0.018839,,,584729.000,1.000,1.000,26.260,,0.018839,0.001,0.001,0.010,0.010,-0.003
75154,2001/05/01,,12,1,4481,14365810,CCL,CARNIVAL CORP,,,,N,A,R,20394,0,1,4481,14365830,,,,,,,,,,,,,,,,,,,,,,,,,26.400,27.500,27.450,2499900.000,0.035849,,,584729.000,1.000,1.000,26.400,,0.035849,0.013,0.013,0.010,0.010,0.014
75154,2001/05/02,,12,1,4481,14365810,CCL,CARNIVAL CORP,,,,N,A,R,20394,0,1,4481,14365830,,,,,,,,,,,,,,,,,,,,,,,,,26.900,28.230,28.200,1744500.000,0.027322,,,584729.000,1.000,1.000,27.100,,0.027322,0.003,0.003,0.012,0.012,0.001
75154,2001/05/03,,12,1,4481,14365810,CCL,CARNIVAL CORP,,,,N,A,R,20394,0,1,4481,14365830,,,,,,,,,,,,,,,,,,,,,,,,,27.100,28.150,27.860,1885000.000,-0.012057,,,584729.000,1.000,1.000,28.000,,-0.012057,-0.015,-0.015,-0.005,-0.006,-0.015
75154,2001/05/04,,12,1,4481,14365810,CCL,CARNIVAL CORP,,,,N,A,R,20394,0,1,4481,14365830,,,,,,,,,,,,,,,,,,,,,,,,,27.150,28.240,28.070,1217300.000,0.007538,,,584729.000,1.000,1.000,27.800,,0.007538,0.014,0.014,0.011,0.011,0.014
75154,2001/05/07,,12,1,4481,14365810,CCL,CARNIVAL CORP,,,,N,A,R,20394,0,1,4481,14365830,,,,,,,,,,,,,,,,,,,,,,,,,27.630,28.110,27.900,2086000.000,-0.006056,,,584729.000,1.000,1.000,28.050,,-0.006056,-0.003,-0.003,0.001,0.001,-0.002
75154,2001/05/08,,12,1,4481,14365810,CCL,CARNIVAL CORP,,,,N,A,R,20394,0,1,4481,14365830,,,,,,,,,,,,,,,,,,,,,,,,,27.790,28.300,28.110,1511400.000,0.007527,,,584729.000,1.000,1.000,28.050,,0.007527,-0.001,-0.001,0.005,0.005,-0.002
75154,2001/05/09,,12,1,4481,14365810,CCL,CARNIVAL CORP,,,,N,A,R,20394,0,1,4481,14365830,,,,,,,,,,,,,,,,,,,,,,,,,28.000,28.680,28.500,1075300.000,0.013874,,,584729.000,1.000,1.000,28.030,,0.013874,-0.004,-0.004,0.001,0.001,-0.004
75154,2001/05/10,,12,1,4481,14365810,CCL,CARNIVAL CORP,,,,N,A,R,20394,0,1,4481,14365830,,,,,,,,,,,,,,,,,,,,,,,,,28.520,28.950,28.820,635200.000,0.011228,,,584729.000,1.000,1.000,28.570,,0.011228,-0.000,-0.001,0.003,0.003,-0.000
75154,2001/05/11,,12,1,4481,14365810,CCL,CARNIVAL CORP,,,,N,A,R,20394,0,1,4481,14365830,,,,,,,,,,,,,,,,,,,,,,,,,28.160,28.900,28.340,1060000.000,-0.016655,,,584729.000,1.000,1.000,28.900,,-0.016655,-0.008,-0.008,-0.002,-0.002,-0.008
75154,2001/05/14,,12,1,4481,14365810,CCL,CARNIVAL CORP,,,,N,A,R,20394,0,1,4481,14365830,,,,,,,,,,,,,,,,,,,,,,,,,27.500,28.500,27.750,1489800.000,-0.020819,,,584729.000,1.000,1.000,28.450,,-0.020819,0.001,0.001,-0.003,-0.003,0.003
75154,2001/05/15,,12,1,4481,14365810,CCL,CARNIVAL CORP,,,,N,A,R,20394,0,1,4481,14365830,,,,,,,,,,,,,,,,,,,,,,,,,27.630,28.450,28.220,1412200.000,0.016937,,,584729.000,1.000,1.000,28.000,,0.016937,0.001,0.001,0.004,0.004,0.000
75154,2001/05/16,,12,1,4481,14365810,CCL,CARNIVAL CORP,,,,N,A,R,20394,0,1,4481,14365830,,,,,,,,,,,,,,,,,,,,,,,,,27.750,29.190,29.020,1552900.000,0.028349,,,584729.000,1.000,1.000,28.100,,0.028349,0.027,0.027,0.010,0.010,0.028
75154,2001/05/17,,12,1,4481,14365810,CCL,CARNIVAL CORP,,,,N,A,R,20394,0,1,4481,14365830,,,,,,,,,,,,,,,,,,,,,,,,,28.860,29.900,29.700,1748600.000,0.023432,,,584729.000,1.000,1.000,28.900,,0.023432,0.006,0.006,0.011,0.010,0.003
75154,2001/05/18,,12,1,4481,14365810,CCL,CARNIVAL CORP,,,,N,A,R,20394,0,1,4481,14365830,,,,,,,,,,,,,,,,,,,,,,,,,28.870,29.700,29.110,941800.000,-0.019865,,,584729.000,1.000,1.000,29.700,,-0.019865,0.003,0.003,0.005,0.005,0.003
75154,2001/05/21,,12,1,4481,14365810,CCL,CARNIVAL CORP,,,,N,A,R,20394,0,1,4481,14365830,,,,,,,,,,,,,,,,,,,,,,,,,29.000,29.720,29.520,915100.000,0.014085,29.430,29.650,584729.000,1.000,1.000,29.110,,0.014085,0.019,0.019,0.016,0.016,0.016
75154,2001/05/22,,12,1,4481,14365810,CCL,CARNIVAL CORP,,,,N,A,R,20394,0,1,4481,14365830,,,,,,,,,,,,,,,,,,,,,,,,,29.000,29.750,29.550,1068400.000,0.001016,29.420,29.630,584729.000,1.000,1.000,29.550,,0.001016,-0.002,-0.002,0.007,0.007,-0.003
75154,2001/05/23,,12,1,4481,14365810,CCL,CARNIVAL CORP,,,,N,A,R,20394,0,1,4481,14365830,,,,,,,,,,,,,,,,,,,,,,,,,28.760,29.430,29.400,1898600.000,-0.005076,29.010,29.230,584729.000,1.000,1.000,29.400,,-0.005076,-0.017,-0.017,-0.007,-0.007,-0.016
75154,2001/05/24,,12,1,4481,14365810,CCL,CARNIVAL CORP,,,,N,A,R,20394,0,1,4481,14365830,,,,,,,,,,,,,,,,,,,,,,,,,29.170,30.000,29.500,1029600.000,0.003401,29.420,29.650,584729.000,1.000,1.000,29.590,,0.003401,0.004,0.004,0.006,0.005,0.003
75154,2001/05/25,,12,1,4481,14365810,CCL,CARNIVAL CORP,,,,N,A,R,20394,0,1,4481,14365830,,,,,,,,,,,,,,,,,,,,,,,,,28.550,29.510,28.790,683400.000,-0.024068,28.670,29.050,584729.000,1.000,1.000,29.510,,-0.024068,-0.010,-0.010,0.003,0.003,-0.012
75154,2001/05/29,,12,1,4481,14365810,CCL,CARNIVAL CORP,,,,N,A,R,20394,0,1,4481,14365830,2001/04/19,,,,,2001/06/14,2001/05/31,0.000,,,1232.000,0.105,0.000,0.000,,,,,,,,,,,28.200,29.100,28.470,797300.000,-0.007468,28.340,28.720,584729.000,1.000,1.000,28.800,,-0.011115,-0.010,-0.010,-0.008,-0.008,-0.008
75154,2001/05/30,,12,1,4481,14365810,CCL,CARNIVAL CORP,,,,N,A,R,20394,0,1,4481,14365830,,,,,,,,,,,,,,,,,,,,,,,,,27.860,28.610,28.010,1000600.000,-0.016157,27.910,28.120,584729.000,1.000,1.000,28.270,,-0.016157,-0.018,-0.018,-0.016,-0.016,-0.016
75154,2001/05/31,,12,1,4481,14365810,CCL,CARNIVAL CORP,,,,N,A,R,20394,0,1,4481,14365830,,,,,,,,0.000,,,,,,,,,,,,,,,,,27.750,28.650,28.230,1177200.000,0.007854,28.170,28.240,584729.000,1.000,1.000,28.060,,0.007854,0.008,0.008,0.007,0.007,0.006
75154,2001/06/01,,12,1,4481,14365810,CCL,CARNIVAL CORP,,,,N,A,R,20394,0,1,4481,14365830,,,,,,,,,,,,,,,,,,,,,,,,,27.840,28.350,28.140,395500.000,-0.003188,28.140,28.150,584729.000,1.000,1.000,28.100,,-0.003188,0.005,0.005,0.006,0.006,0.004
75154,2001/06/04,,12,1,4481,14365810,CCL,CARNIVAL CORP,,,,N,A,R,20394,0,1,4481,14365830,,,,,,,,,,,,,,,,,,,,,,,,,27.850,28.330,27.990,691500.000,-0.005330,27.870,28.250,584729.000,1.000,1.000,28.200,,-0.005330,0.005,0.005,0.005,0.005,0.005
75154,2001/06/05,,12,1,4481,14365810,CCL,CARNIVAL CORP,,,,N,A,R,20394,0,1,4481,14365830,,,,,,,,,,,,,,,,,,,,,,,,,27.750,28.390,28.370,1872500.000,0.013576,28.270,28.480,584729.000,1.000,1.000,28.000,,0.013576,0.014,0.014,0.012,0.012,0.013
75154,2001/06/06,,12,1,4481,14365810,CCL,CARNIVAL CORP,,,,N,A,R,20394,0,1,4481,14365830,,,,,,,,,,,,,,,,,,,,,,,,,27.450,28.370,27.560,1018000.000,-0.028551,27.440,27.850,584729.000,1.000,1.000,28.370,,-0.028551,-0.009,-0.010,-0.003,-0.003,-0.011
75154,2001/06/07,,12,1,4481,14365810,CCL,CARNIVAL CORP,,,,N,A,R,20394,0,1,4481,14365830,,,,,,,,,,,,,,,,,,,,,,,,,27.200,27.920,27.460,955600.000,-0.003628,27.340,27.560,584729.000,1.000,1.000,27.550,,-0.003628,0.005,0.005,0.005,0.005,0.005
75154,2001/06/08,,12,1,4481,14365810,CCL,CARNIVAL CORP,,,,N,A,R,20394,0,1,4481,14365830,,,,,,,,,,,,,,,,,,,,,,,,,26.780,27.500,27.280,1142900.000,-0.006555,27.170,27.440,584729.000,1.000,1.000,27.400,,-0.006555,-0.010,-0.010,-0.002,-0.002,-0.009
75154,2001/06/11,,12,1,4481,14365810,CCL,CARNIVAL CORP,,,,N,A,R,20394,0,1,4481,14365830,,,,,,,,,,,,,,,,,,,,,,,,,26.740,27.300,26.880,1100200.000,-0.014663,26.780,27.010,584729.000,1.000,1.000,27.300,,-0.014663,-0.010,-0.010,-0.006,-0.006,-0.008
75154,2001/06/12,,12,1,4481,14365810,CCL,CARNIVAL CORP,,,,N,A,R,20394,0,1,4481,14365830,,,,,,,,,,,,,,,,,,,,,,,,,26.210,26.900,26.620,1356800.000,-0.009673,26.500,26.720,584729.000,1.000,1.000,26.900,,-0.009673,0.000,0.000,-0.001,-0.001,0.001
75154,2001/06/13,,12,1,4481,14365810,CCL,CARNIVAL CORP,,,,N,A,R,20394,0,1,4481,14365830,,,,,,,,,,,,,,,,,,,,,,,,,26.320,26.750,26.440,754800.000,-0.006762,26.320,26.700,584729.000,1.000,1.000,26.610,,-0.006762,-0.010,-0.010,-0.002,-0.003,-0.011
75154,2001/06/14,,12,1,4481,14365810,CCL,CARNIVAL CORP,,,,N,A,R,20394,0,1,4481,14365830,,,,,,,,,,,,,,,,,,,,,,,,,25.980,26.560,26.010,1637300.000,-0.016263,25.890,26.260,584729.000,1.000,1.000,26.500,,-0.016263,-0.019,-0.019,-0.015,-0.015,-0.018
75154,2001/06/15,,12,1,4481,14365810,CCL,CARNIVAL CORP,,,,N,A,R,20394,0,1,4481,14365830,,,,,,,,,,,,,,,,,,,,,,,,,25.890,27.000,26.400,1793000.000,0.014994,26.280,26.660,584729.000,1.000,1.000,25.900,,0.014994,-0.005,-0.005,-0.005,-0.005,-0.005
75154,2001/06/18,,12,1,4481,14365810,CCL,CARNIVAL CORP,,,,N,A,R,20394,0,1,4481,14365830,,,,,,,,,,,,,,,,,,,,,,,,,25.890,26.750,26.410,688600.000,0.000379,26.300,26.510,584729.000,1.000,1.000,26.500,,0.000379,-0.007,-0.007,-0.013,-0.013,-0.005
75154,2001/06/19,,12,1,4481,14365810,CCL,CARNIVAL CORP,,,,N,A,R,20394,0,1,4481,14365830,,,,,,,,,,,,,,,,,,,,,,,,,26.350,26.730,26.520,838000.000,0.004165,26.400,26.800,584729.000,1.000,1.000,26.500,,0.004165,0.002,0.002,-0.006,-0.006,0.003
75154,2001/06/20,,12,1,4481,14365810,CCL,CARNIVAL CORP,,,,N,A,R,20394,0,1,4481,14365830,,,,,,,,,,,,,,,,,,,,,,,,,26.100,26.610,26.250,2764100.000,-0.010181,26.160,26.320,584729.000,1.000,1.000,26.510,,-0.010181,0.010,0.010,0.001,0.001,0.009
75154,2001/06/21,,12,1,4481,14365810,CCL,CARNIVAL CORP,,,,N,A,R,20394,0,1,4481,14365830,,,,,,,,,,,,,,,,,,,,,,,,,26.900,28.410,28.400,2299300.000,0.081905,28.310,28.470,584729.000,1.000,1.000,27.000,,0.081905,0.010,0.010,0.004,0.004,0.011
75154,2001/06/22,,12,1,4481,14365810,CCL,CARNIVAL CORP,,,,N,A,R,20394,0,1,4481,14365830,,,,,,,,,,,,,,,,,,,,,,,,,28.000,28.900,28.570,1483000.000,0.005986,28.470,28.640,584729.000,1.000,1.000,28.600,,0.005986,-0.009,-0.009,-0.002,-0.003,-0.009
75154,2001/06/25,,12,1,4481,14365810,CCL,CARNIVAL CORP,,,,N,A,R,20394,0,1,4481,14365830,,,,,,,,,,,,,,,,,,,,,,,,,27.900,28.770,28.540,1302100.000,-0.001050,28.500,28.530,584729.000,1.000,1.000,28.000,,-0.001050,-0.005,-0.005,-0.000,-0.000,-0.006
75154,2001/06/26,,12,1,4481,14365810,CCL,CARNIVAL CORP,,,,N,A,R,20394,0,1,4481,14365830,,,,,,,,,,,,,,,,,,,,,,,,,28.000,29.150,29.050,1828700.000,0.017870,28.820,29.000,584729.000,1.000,1.000,28.000,,0.017870,-0.000,-0.000,0.005,0.005,-0.002
75154,2001/06/27,,12,1,4481,14365810,CCL,CARNIVAL CORP,,,,N,A,R,20394,0,1,4481,14365830,,,,,,,,,,,,,,,,,,,,,,,,,29.360,29.920,29.760,2086600.000,0.024441,29.670,29.830,584729.000,1.000,1.000,29.500,,0.024441,-0.002,-0.002,0.004,0.004,-0.005
75154,2001/06/28,,12,1,4481,14365810,CCL,CARNIVAL CORP,,,,N,A,R,20394,0,1,4481,14365830,,,,,,,,,,,,,,,,,,,,,,,,,29.800,30.400,30.210,1503400.000,0.015121,30.100,30.280,584729.000,1.000,1.000,29.800,,0.015121,0.013,0.013,0.008,0.008,0.012
75154,2001/06/29,,12,1,4481,14365810,CCL,CARNIVAL CORP,,,,N,A,R,20394,0,1,4481,14365830,,,,,,,,0.000,,,,,,,,,,,,,,,,,30.070,30.720,30.700,1332700.000,0.016220,30.590,30.730,584729.000,1.000,1.000,30.300,,0.016220,0.004,0.004,0.019,0.019,-0.001
75154,2001/07/02,,12,1,4481,14365810,CCL,CARNIVAL CORP,,,,N,A,R,20394,0,1,4481,14365830,,,,,,,,,,,,,,,,,,,,,,,,,30.350,30.890,30.700,1807200.000,0.000000,30.570,30.870,584729.000,1.000,1.000,30.700,,0.000000,0.005,0.005,-0.006,-0.006,0.010
75154,2001/07/03,,12,1,4481,14365810,CCL,CARNIVAL CORP,,,,N,A,R,20394,0,1,4481,14365830,,,,,,,,,,,,,,,,,,,,,,,,,30.200,30.700,30.690,1130200.000,-0.000326,30.590,30.770,584729.000,1.000,1.000,30.550,,-0.000326,-0.002,-0.002,-0.000,-0.000,-0.002
75154,2001/07/05,,12,1,4481,14365810,CCL,CARNIVAL CORP,,,,N,A,R,20394,0,1,4481,14365830,,,,,,,,,,,,,,,,,,,,,,,,,30.200,30.660,30.340,613000.000,-0.011404,30.230,30.420,584729.000,1.000,1.000,30.450,,-0.011404,-0.012,-0.012,-0.007,-0.007,-0.012
75154,2001/07/06,,12,1,4481,14365810,CCL,CARNIVAL CORP,,,,N,A,R,20394,0,1,4481,14365830,,,,,,,,,,,,,,,,,,,,,,,,,29.310,30.200,29.400,1217300.000,-0.030982,29.310,29.470,584729.000,1.000,1.000,30.200,,-0.030982,-0.022,-0.022,-0.012,-0.012,-0.023
75154,2001/07/09,,12,1,4481,14365810,CCL,CARNIVAL CORP,,,,N,A,R,20394,0,1,4481,14365830,,,,,,,,,,,,,,,,,,,,,,,,,29.010,29.900,29.770,843300.000,0.012585,29.700,29.780,584729.000,1.000,1.000,29.070,,0.012585,0.006,0.006,0.002,0.002,0.007
75154,2001/07/10,,12,1,4481,14365810,CCL,CARNIVAL CORP,,,,N,A,R,20394,0,1,4481,14365830,,,,,,,,,,,,,,,,,,,,,,,,,29.520,30.110,29.750,1063800.000,-0.000672,29.640,29.800,584729.000,1.000,1.000,29.520,,-0.000672,-0.014,-0.014,-0.009,-0.009,-0.014
75154,2001/07/11,,12,1,4481,14365810,CCL,CARNIVAL CORP,,,,N,A,R,20394,0,1,4481,14365830,,,,,,,,,,,,,,,,,,,,,,,,,29.250,29.930,29.790,905700.000,0.001345,29.680,29.860,584729.000,1.000,1.000,29.740,,0.001345,-0.002,-0.002,-0.005,-0.006,-0.001
75154,2001/07/12,,12,1,4481,14365810,CCL,CARNIVAL CORP,,,,N,A,R,20394,0,1,4481,14365830,,,,,,,,,,,,,,,,,,,,,,,,,29.390,30.200,30.000,1618800.000,0.007049,30.000,30.010,584729.000,1.000,1.000,29.700,,0.007049,0.024,0.024,0.015,0.015,0.024
75154,2001/07/13,,12,1,4481,14365810,CCL,CARNIVAL CORP,,,,N,A,R,20394,0,1,4481,14365830,,,,,,,,,,,,,,,,,,,,,,,,,29.710,30.990,30.770,1546700.000,0.025667,30.760,30.770,584729.000,1.000,1.000,29.850,,0.025667,0.005,0.005,0.004,0.004,0.006
75154,2001/07/16,,12,1,4481,14365810,CCL,CARNIVAL CORP,,,,N,A,R,20394,0,1,4481,14365830,,,,,,,,,,,,,,,,,,,,,,,,,30.700,31.150,30.750,1804900.000,-0.000650,30.660,30.810,584729.000,1.000,1.000,31.000,,-0.000650,-0.012,-0.012,-0.007,-0.007,-0.011
75154,2001/07/17,,12,1,4481,14365810,CCL,CARNIVAL CORP,,,,N,A,R,20394,0,1,4481,14365830,,,,,,,,,,,,,,,,,,,,,,,,,30.700,31.820,31.560,2703500.000,0.026341,31.490,31.660,584729.000,1.000,1.000,30.850,,0.026341,0.011,0.011,0.005,0.005,0.010
75154,2001/07/18,,12,1,4481,14365810,CCL,CARNIVAL CORP,,,,N,A,R,20394,0,1,4481,14365830,,,,,,,,,,,,,,,,,,,,,,,,,31.000,31.650,31.240,858000.000,-0.010139,31.110,31.320,584729.000,1.000,1.000,31.500,,-0.010139,-0.007,-0.007,-0.008,-0.008,-0.006
75154,2001/07/19,,12,1,4481,14365810,CCL,CARNIVAL CORP,,,,N,A,R,20394,0,1,4481,14365830,,,,,,,,,,,,,,,,,,,,,,,,,31.750,32.300,32.300,1491400.000,0.033931,32.190,32.370,584729.000,1.000,1.000,31.750,,0.033931,0.005,0.005,0.005,0.005,0.006
75154,2001/07/20,,12,1,4481,14365810,CCL,CARNIVAL CORP,,,,N,A,R,20394,0,1,4481,14365830,,,,,,,,,,,,,,,,,,,,,,,,,31.720,32.420,31.780,871700.000,-0.016099,31.690,31.870,584729.000,1.000,1.000,32.350,,-0.016099,-0.003,-0.003,0.000,0.000,-0.003
75154,2001/07/23,,12,1,4481,14365810,CCL,CARNIVAL CORP,,,,N,A,R,20394,0,1,4481,14365830,,,,,,,,,,,,,,,,,,,,,,,,,31.200,31.900,31.270,729100.000,-0.016048,31.180,31.350,584729.000,1.000,1.000,31.530,,-0.016048,-0.015,-0.015,-0.006,-0.006,-0.016
75154,2001/07/24,,12,1,4481,14365810,CCL,CARNIVAL CORP,,,,N,A,R,20394,0,1,4481,14365830,,,,,,,,,,,,,,,,,,,,,,,,,30.500,31.610,30.600,1224900.000,-0.021426,30.490,30.680,584729.000,1.000,1.000,31.300,,-0.021426,-0.016,-0.016,-0.011,-0.012,-0.016
75154,2001/07/25,,12,1,4481,14365810,CCL,CARNIVAL CORP,,,,N,A,R,20394,0,1,4481,14365830,,,,,,,,,,,,,,,,,,,,,,,,,31.340,32.720,32.500,2101600.000,0.062091,32.390,32.570,584729.000,1.000,1.000,31.400,,0.062091,0.014,0.014,0.003,0.003,0.016
75154,2001/07/26,,12,1,4481,14365810,CCL,CARNIVAL CORP,,,,N,A,R,20394,0,1,4481,14365830,,,,,,,,,,,,,,,,,,,,,,,,,31.800,33.740,33.700,2575700.000,0.036923,33.570,33.730,584729.000,1.000,1.000,32.000,,0.036923,0.012,0.011,0.008,0.008,0.010
75154,2001/07/27,,12,1,4481,14365810,CCL,CARNIVAL CORP,,,,N,A,R,20394,0,1,4481,14365830,,,,,,,,,,,,,,,,,,,,,,,,,32.510,33.700,32.990,1378400.000,-0.021068,32.870,33.060,584729.000,1.000,1.000,33.700,,-0.021068,0.003,0.003,0.004,0.003,0.002
75154,2001/07/30,,12,1,4481,14365810,CCL,CARNIVAL CORP,,,,N,A,R,20394,0,1,4481,14365830,,,,,,,,,,,,,,,,,,,,,,,,,32.800,33.700,33.540,1120600.000,0.016672,33.430,33.610,584729.000,1.000,1.000,33.000,,0.016672,-0.001,-0.001,-0.001,-0.001,-0.001
75154,2001/07/31,,12,1,4481,14365810,CCL,CARNIVAL CORP,,,,N,A,R,20394,0,1,4481,14365830,,,,,,,,0.000,,,,,,,,,,,,,,,,,32.920,33.700,33.400,938600.000,-0.004174,33.240,33.420,586072.000,1.000,1.000,33.540,,-0.004174,0.005,0.005,0.003,0.003,0.006
75154,2001/08/01,,12,1,4481,14365810,CCL,CARNIVAL CORP,,,,N,A,R,20394,0,1,4481,14365830,,,,,,,,,,,,,,,,,,,,,,,,,32.760,33.310,32.820,1071000.000,-0.017365,32.740,32.940,586072.000,1.000,1.000,33.200,,-0.017365,0.005,0.005,0.006,0.006,0.004
75154,2001/08/02,,12,1,4481,14365810,CCL,CARNIVAL CORP,,,,N,A,R,20394,0,1,4481,14365830,,,,,,,,,,,,,,,,,,,,,,,,,32.850,33.430,33.140,1057000.000,0.009750,33.120,33.250,586072.000,1.000,1.000,32.850,,0.009750,0.003,0.003,0.003,0.002,0.004
75154,2001/08/03,,12,1,4481,14365810,CCL,CARNIVAL CORP,,,,N,A,R,20394,0,1,4481,14365830,,,,,,,,,,,,,,,,,,,,,,,,,32.670,33.000,32.750,868100.000,-0.011768,32.700,32.880,586072.000,1.000,1.000,33.000,,-0.011768,-0.005,-0.005,0.001,0.000,-0.005
75154,2001/08/06,,12,1,4481,14365810,CCL,CARNIVAL CORP,,,,N,A,R,20394,0,1,4481,14365830,,,,,,,,,,,,,,,,,,,,,,,,,31.910,32.750,32.160,733800.000,-0.018015,32.060,32.240,586072.000,1.000,1.000,32.650,,-0.018015,-0.011,-0.011,-0.006,-0.006,-0.011
75154,2001/08/07,,12,1,4481,14365810,CCL,CARNIVAL CORP,,,,N,A,R,20394,0,1,4481,14365830,,,,,,,,,,,,,,,,,,,,,,,,,31.700,32.500,31.790,959200.000,-0.011505,31.680,31.860,586072.000,1.000,1.000,32.150,,-0.011505,0.002,0.002,-0.000,-0.000,0.003
75154,2001/08/08,,12,1,4481,14365810,CCL,CARNIVAL CORP,,,,N,A,R,20394,0,1,4481,14365830,,,,,,,,,,,,,,,,,,,,,,,,,31.190,31.760,31.300,1795400.000,-0.015414,31.350,31.530,586072.000,1.000,1.000,31.300,,-0.015414,-0.017,-0.017,-0.010,-0.010,-0.017
75154,2001/08/09,,12,1,4481,14365810,CCL,CARNIVAL CORP,,,,N,A,R,20394,0,1,4481,14365830,,,,,,,,,,,,,,,,,,,,,,,,,30.400,31.400,31.000,1032500.000,-0.009585,30.830,31.000,586072.000,1.000,1.000,31.300,,-0.009585,-0.000,-0.000,-0.001,-0.001,-0.000
75154,2001/08/10,,12,1,4481,14365810,CCL,CARNIVAL CORP,,,,N,A,R,20394,0,1,4481,14365830,,,,,,,,,,,,,,,,,,,,,,,,,30.750,31.780,31.650,728500.000,0.020968,31.540,31.750,586072.000,1.000,1.000,31.250,,0.020968,0.004,0.004,0.001,0.001,0.006
75154,2001/08/13,,12,1,4481,14365810,CCL,CARNIVAL CORP,,,,N,A,R,20394,0,1,4481,14365830,,,,,,,,,,,,,,,,,,,,,,,,,31.150,31.880,31.210,651500.000,-0.013902,31.250,31.330,586072.000,1.000,1.000,31.450,,-0.013902,0.002,0.002,0.003,0.002,0.001
75154,2001/08/14,,12,1,4481,14365810,CCL,CARNIVAL CORP,,,,N,A,R,20394,0,1,4481,14365830,,,,,,,,,,,,,,,,,,,,,,,,,30.750,31.500,30.830,457600.000,-0.012176,30.710,30.910,586072.000,1.000,1.000,31.000,,-0.012176,-0.002,-0.002,0.002,0.002,-0.004
75154,2001/08/15,,12,1,4481,14365810,CCL,CARNIVAL CORP,,,,N,A,R,20394,0,1,4481,14365830,,,,,,,,,,,,,,,,,,,,,,,,,30.450,31.270,30.460,621400.000,-0.012001,30.410,30.620,586072.000,1.000,1.000,30.830,,-0.012001,-0.007,-0.007,-0.005,-0.005,-0.007
75154,2001/08/16,,12,1,4481,14365810,CCL,CARNIVAL CORP,,,,N,A,R,20394,0,1,4481,14365830,,,,,,,,,,,,,,,,,,,,,,,,,30.210,31.220,30.510,1090600.000,0.001642,30.370,30.550,586072.000,1.000,1.000,30.500,,0.001642,0.002,0.002,-0.002,-0.002,0.003
75154,2001/08/17,,12,1,4481,14365810,CCL,CARNIVAL CORP,,,,N,A,R,20394,0,1,4481,14365830,,,,,,,,,,,,,,,,,,,,,,,,,29.900,30.870,29.910,981000.000,-0.019666,29.800,29.980,586072.000,1.000,1.000,30.250,,-0.019666,-0.016,-0.016,-0.007,-0.007,-0.017
75154,2001/08/20,,12,1,4481,14365810,CCL,CARNIVAL CORP,,,,N,A,R,20394,0,1,4481,14365830,,,,,,,,,,,,,,,,,,,,,,,,,29.900,30.490,30.360,699500.000,0.015045,30.350,30.360,586072.000,1.000,1.000,29.960,,0.015045,0.007,0.007,-0.000,-0.000,0.008
75154,2001/08/21,,12,1,4481,14365810,CCL,CARNIVAL CORP,,,,N,A,R,20394,0,1,4481,14365830,,,,,,,,,,,,,,,,,,,,,,,,,30.260,31.250,30.560,861500.000,0.006588,30.420,30.640,586072.000,1.000,1.000,30.400,,0.006588,-0.011,-0.011,-0.008,-0.008,-0.012
75154,2001/08/22,,12,1,4481,14365810,CCL,CARNIVAL CORP,,,,N,A,R,20394,0,1,4481,14365830,,,,,,,,,,,,,,,,,,,,,,,,,30.400,31.250,31.020,1469200.000,0.015052,31.010,31.190,586072.000,1.000,1.000,30.500,,0.015052,0.007,0.007,0.004,0.004,0.007
75154,2001/08/23,,12,1,4481,14365810,CCL,CARNIVAL CORP,,,,N,A,R,20394,0,1,4481,14365830,,,,,,,,,,,,,,,,,,,,,,,,,31.010,32.630,32.530,2019500.000,0.048678,32.420,32.610,586072.000,1.000,1.000,31.300,,0.048678,-0.003,-0.003,-0.004,-0.004,-0.003
75154,2001/08/24,,12,1,4481,14365810,CCL,CARNIVAL CORP,,,,N,A,R,20394,0,1,4481,14365830,,,,,,,,2.000,,,,,,,,,,,,,,,,,32.700,33.200,33.000,2086300.000,0.014448,32.910,33.100,586072.000,1.000,1.000,32.800,,0.014448,0.018,0.018,0.011,0.011,0.020
75154,2001/08/27,,12,1,4481,14365810,CCL,CARNIVAL CORP,,,,N,A,R,20394,0,1,4481,14365830,,,,,,,,,,,,,,,,,,,,,,,,,33.000,33.550,33.250,1655600.000,0.007576,33.150,33.280,586072.000,1.000,1.000,33.000,,0.007576,-0.004,-0.004,-0.002,-0.002,-0.005
75154,2001/08/28,,12,1,4481,14365810,CCL,CARNIVAL CORP,,,,N,A,R,20394,0,1,4481,14365830,,,,,,,,,,,,,,,,,,,,,,,,,31.860,33.250,31.880,1279500.000,-0.041203,31.890,32.030,586072.000,1.000,1.000,33.250,,-0.041203,-0.014,-0.014,-0.007,-0.007,-0.015
75154,2001/08/29,,12,1,4481,14365810,CCL,CARNIVAL CORP,,,,N,A,R,20394,0,1,4481,14365830,2001/07/19,,,,,2001/09/14,2001/08/31,2.000,,,1232.000,0.105,0.000,0.000,,,,,,,,,,,31.550,32.400,31.660,1621400.000,-0.003607,31.530,31.760,586072.000,1.000,1.000,32.400,,-0.006901,-0.010,-0.010,-0.003,-0.003,-0.011
75154,2001/08/30,,12,1,4481,14365810,CCL,CARNIVAL CORP,,,,N,A,R,20394,0,1,4481,14365830,,,,,,,,,,,,,,,,,,,,,,,,,30.700,31.900,31.120,1520500.000,-0.017056,31.010,31.190,586072.000,1.000,1.000,31.700,,-0.017056,-0.016,-0.016,-0.009,-0.009,-0.017
75154,2001/08/31,,12,1,4481,14365810,CCL,CARNIVAL CORP,,,,N,A,R,20394,0,1,4481,14365830,,,,,,,,0.000,,,,,,,,,,,,,,,,,30.700,31.750,31.280,1014100.000,0.005141,31.230,31.410,586072.000,1.000,1.000,30.900,,0.005141,0.004,0.004,0.006,0.006,0.004
75154,2001/09/04,,12,1,4481,14365810,CCL,CARNIVAL CORP,,,,N,A,R,20394,0,1,4481,14365830,,,,,,,,,,,,,,,,,,,,,,,,,30.750,31.470,30.850,1170000.000,-0.013747,30.790,30.810,586072.000,1.000,1.000,30.750,,-0.013747,-0.002,-0.002,-0.006,-0.006,-0.001
75154,2001/09/05,,12,1,4481,14365810,CCL,CARNIVAL CORP,,,,N,A,R,20394,0,1,4481,14365830,,,,,,,,,,,,,,,,,,,,,,,,,30.280,31.280,30.620,982700.000,-0.007455,30.450,30.700,586072.000,1.000,1.000,31.000,,-0.007455,-0.003,-0.003,-0.009,-0.009,-0.001
75154,2001/09/06,,12,1,4481,14365810,CCL,CARNIVAL CORP,,,,N,A,R,20394,0,1,4481,14365830,,,,,,,,,,,,,,,,,,,,,,,,,30.250,30.850,30.460,1179400.000,-0.005225,30.320,30.530,586072.000,1.000,1.000,30.500,,-0.005225,-0.021,-0.021,-0.014,-0.014,-0.022
75154,2001/09/07,,12,1,4481,14365810,CCL,CARNIVAL CORP,,,,N,A,R,20394,0,1,4481,14365830,,,,,,,,,,,,,,,,,,,,,,,,,28.850,30.260,29.050,2271000.000,-0.046290,28.900,29.110,586072.000,1.000,1.000,30.250,,-0.046290,-0.018,-0.018,-0.012,-0.012,-0.019
75154,2001/09/10,,12,1,4481,14365810,CCL,CARNIVAL CORP,,,,N,A,R,20394,0,1,4481,14365830,,,,,,,,,,,,,,,,,,,,,,,,,28.500,29.310,28.520,1468900.000,-0.018244,28.440,28.600,586072.000,1.000,1.000,28.550,,-0.018244,0.004,0.004,-0.007,-0.007,0.006
75154,2001/09/17,,12,1,4481,14365810,CCL,CARNIVAL CORP,,,,N,A,R,20394,0,1,4481,14365830,,,,,,,,,,,,,,,,,,,,,,,,,16.950,20.210,19.430,16214200.000,-0.318724,19.370,19.590,586072.000,1.000,1.000,17.000,,-0.318724,-0.051,-0.051,-0.042,-0.043,-0.049
75154,2001/09/18,,12,1,4481,14365810,CCL,CARNIVAL CORP,,,,N,A,R,20394,0,1,4481,14365830,,,,,,,,,,,,,,,,,,,,,,,,,19.280,20.200,19.570,7512000.000,0.007205,19.490,19.670,586072.000,1.000,1.000,19.430,,0.007205,-0.008,-0.008,-0.010,-0.010,-0.006
75154,2001/09/19,,12,1,4481,14365810,CCL,CARNIVAL CORP,,,,N,A,R,20394,0,1,4481,14365830,,,,,,,,,,,,,,,,,,,,,,,,,18.200,20.110,19.250,6603900.000,-0.016352,19.150,19.380,586072.000,1.000,1.000,19.550,,-0.016352,-0.017,-0.017,-0.024,-0.024,-0.016
75154,2001/09/20,,12,1,4481,14365810,CCL,CARNIVAL CORP,,,,N,A,R,20394,0,1,4481,14365830,,,,,,,,,,,,,,,,,,,,,,,,,17.860,18.800,18.050,6084100.000,-0.062338,17.940,18.060,586072.000,1.000,1.000,18.250,,-0.062338,-0.031,-0.031,-0.033,-0.033,-0.031
75154,2001/09/21,,12,1,4481,14365810,CCL,CARNIVAL CORP,,,,N,A,R,20394,0,1,4481,14365830,,,,,,,,,,,,,,,,,,,,,,,,,17.000,19.190,19.060,5541200.000,0.055956,18.910,19.110,586072.000,1.000,1.000,17.250,,0.055956,-0.019,-0.019,-0.020,-0.020,-0.019
75154,2001/09/24,,12,1,4481,14365810,CCL,CARNIVAL CORP,,,,N,A,R,20394,0,1,4481,14365830,,,,,,,,,,,,,,,,,,,,,,,,,19.700,20.500,20.360,3848700.000,0.068206,20.250,20.420,586072.000,1.000,1.000,19.800,,0.068206,0.038,0.038,0.033,0.033,0.039
75154,2001/09/25,,12,1,4481,14365810,CCL,CARNIVAL CORP,,,,N,A,R,20394,0,1,4481,14365830,,,,,,,,,,,,,,,,,,,,,,,,,20.000,21.170,20.730,4132900.000,0.018173,20.730,20.750,586072.000,1.000,1.000,20.400,,0.018173,0.008,0.008,0.004,0.004,0.009
75154,2001/09/26,,12,1,4481,14365810,CCL,CARNIVAL CORP,,,,N,A,R,20394,0,1,4481,14365830,,,,,,,,,,,,,,,,,,,,,,,,,21.740,23.100,21.910,5983200.000,0.056922,21.800,21.970,586072.000,1.000,1.000,22.000,,0.056922,-0.006,-0.006,-0.010,-0.010,-0.005
75154,2001/09/27,,12,1,4481,14365810,CCL,CARNIVAL CORP,,,,N,A,R,20394,0,1,4481,14365830,,,,,,,,,,,,,,,,,,,,,,,,,21.100,22.000,22.000,2352100.000,0.004108,21.660,21.870,586072.000,1.000,1.000,21.910,,0.004108,0.011,0.011,-0.001,-0.001,0.011
75154,2001/09/28,,12,1,4481,14365810,CCL,CARNIVAL CORP,,,,N,A,R,20394,0,1,4481,14365830,,,,,,,,0.000,,,,,,,,,,,,,,,,,20.920,22.300,22.020,2966800.000,0.000909,22.000,22.090,586072.000,1.000,1.000,22.000,,0.000909,0.023,0.023,0.025,0.025,0.022
75154,2001/10/01,,12,1,4481,14365810,CCL,CARNIVAL CORP,,,,N,A,R,20394,0,1,4481,14365830,,,,,,,,,,,,,,,,,,,,,,,,,21.200,22.260,21.550,2067300.000,-0.021344,21.340,21.500,586072.000,1.000,1.000,22.030,,-0.021344,-0.004,-0.004,-0.010,-0.010,-0.002
75154,2001/10/02,,12,1,4481,14365810,CCL,CARNIVAL CORP,,,,N,A,R,20394,0,1,4481,14365830,,,,,,,,,,,,,,,,,,,,,,,,,21.350,22.300,22.300,1882100.000,0.034803,22.100,22.300,586072.000,1.000,1.000,21.500,,0.034803,0.012,0.012,0.007,0.007,0.012
75154,2001/10/03,,12,1,4481,14365810,CCL,CARNIVAL CORP,,,,N,A,R,20394,0,1,4481,14365830,,,,,,,,,,,,,,,,,,,,,,,,,21.400,23.880,23.720,3185100.000,0.063677,23.620,23.780,586072.000,1.000,1.000,21.400,,0.063677,0.022,0.022,0.021,0.021,0.020
75154,2001/10/04,,12,1,4481,14365810,CCL,CARNIVAL CORP,,,,N,A,R,20394,0,1,4481,14365830,,,,,,,,,,,,,,,,,,,,,,,,,22.990,23.990,23.170,2512400.000,-0.023187,23.090,23.270,586072.000,1.000,1.000,23.700,,-0.023187,-0.000,-0.000,0.011,0.011,-0.002
75154,2001/10/05,,12,1,4481,14365810,CCL,CARNIVAL CORP,,,,N,A,R,20394,0,1,4481,14365830,,,,,,,,,,,,,,,,,,,,,,,,,22.540,23.520,23.520,2064900.000,0.015106,23.370,23.550,586072.000,1.000,1.000,23.150,,0.015106,0.000,0.000,0.001,0.000,0.002
75154,2001/10/08,,12,1,4481,14365810,CCL,CARNIVAL CORP,,,,N,A,R,20394,0,1,4481,14365830,,,,,,,,,,,,,,,,,,,,,,,,,21.610,23.530,22.030,1811000.000,-0.063350,21.920,22.090,586072.000,1.000,1.000,23.530,,-0.063350,-0.008,-0.008,-0.002,-0.002,-0.008
75154,2001/10/09,,12,1,4481,14365810,CCL,CARNIVAL CORP,,,,N,A,R,20394,0,1,4481,14365830,,,,,,,,,,,,,,,,,,,,,,,,,21.380,22.030,21.400,1883400.000,-0.028597,21.330,21.500,586072.000,1.000,1.000,22.030,,-0.028597,-0.005,-0.005,-0.004,-0.004,-0.005
75154,2001/10/10,,12,1,4481,14365810,CCL,CARNIVAL CORP,,,,N,A,R,20394,0,1,4481,14365830,,,,,,,,,,,,,,,,,,,,,,,,,20.900,22.650,22.350,2858500.000,0.044393,22.220,22.410,586072.000,1.000,1.000,20.900,,0.044393,0.023,0.023,0.019,0.019,0.023
75154,2001/10/11,,12,1,4481,14365810,CCL,CARNIVAL CORP,,,,N,A,R,20394,0,1,4481,14365830,,,,,,,,,,,,,,,,,,,,,,,,,22.390,23.270,23.000,2094900.000,0.029083,22.980,23.000,586072.000,1.000,1.000,22.400,,0.029083,0.017,0.017,0.019,0.019,0.015
75154,2001/10/12,,12,1,4481,14365810,CCL,CARNIVAL CORP,,,,N,A,R,20394,0,1,4481,14365830,,,,,,,,,,,,,,,,,,,,,,,,,22.450,23.440,23.300,1709200.000,0.013043,23.190,23.350,586072.000,1.000,1.000,23.000,,0.013043,-0.005,-0.005,0.000,0.000,-0.005
75154,2001/10/15,,12,1,4481,14365810,CCL,CARNIVAL CORP,,,,N,A,R,20394,0,1,4481,14365830,,,,,,,,,,,,,,,,,,,,,,,,,22.590,23.290,22.690,1580600.000,-0.026180,22.590,22.750,586072.000,1.000,1.000,23.280,,-0.026180,-0.001,-0.001,0.003,0.003,-0.002
75154,2001/10/16,,12,1,4481,14365810,CCL,CARNIVAL CORP,,,,N,A,R,20394,0,1,4481,14365830,,,,,,,,,,,,,,,,,,,,,,,,,22.280,22.670,22.450,1345200.000,-0.010577,22.420,22.550,586072.000,1.000,1.000,22.440,,-0.010577,0.008,0.008,0.011,0.011,0.007
75154,2001/10/17,,12,1,4481,14365810,CCL,CARNIVAL CORP,,,,N,A,R,20394,0,1,4481,14365830,,,,,,,,,,,,,,,,,,,,,,,,,21.300,23.000,21.300,2013200.000,-0.051225,21.300,21.410,586072.000,1.000,1.000,23.000,,-0.051225,-0.019,-0.019,-0.006,-0.006,-0.019
75154,2001/10/18,,12,1,4481,14365810,CCL,CARNIVAL CORP,,,,N,A,R,20394,0,1,4481,14365830,,,,,,,,,,,,,,,,,,,,,,,,,21.000,21.400,21.230,1600900.000,-0.003286,21.120,21.290,586072.000,1.000,1.000,21.200,,-0.003286,-0.007,-0.007,-0.005,-0.005,-0.008
75154,2001/10/19,,12,1,4481,14365810,CCL,CARNIVAL CORP,,,,N,A,R,20394,0,1,4481,14365830,,,,,,,,,,,,,,,,,,,,,,,,,19.800,20.850,20.610,8300500.000,-0.029204,20.610,20.620,586072.000,1.000,1.000,20.000,,-0.029204,0.005,0.005,0.005,0.005,0.005
75154,2001/10/22,,12,1,4481,14365810,CCL,CARNIVAL CORP,,,,N,A,R,20394,0,1,4481,14365830,,,,,,,,,,,,,,,,,,,,,,,,,20.500,21.170,21.000,3003200.000,0.018923,20.890,21.080,586072.000,1.000,1.000,20.600,,0.018923,0.015,0.015,0.008,0.008,0.015
75154,2001/10/23,,12,1,4481,14365810,CCL,CARNIVAL CORP,,,,N,A,R,20394,0,1,4481,14365830,,,,,,,,,,,,,,,,,,,,,,,,,20.840,21.600,20.970,2511700.000,-0.001429,20.870,21.030,586072.000,1.000,1.000,21.500,,-0.001429,-0.004,-0.004,0.000,0.000,-0.005
75154,2001/10/24,,12,1,4481,14365810,CCL,CARNIVAL CORP,,,,N,A,R,20394,0,1,4481,14365830,,,,,,,,,,,,,,,,,,,,,,,,,20.650,21.170,20.750,2140100.000,-0.010491,20.610,20.770,586072.000,1.000,1.000,21.100,,-0.010491,0.001,0.001,0.004,0.004,0.000
75154,2001/10/25,,12,1,4481,14365810,CCL,CARNIVAL CORP,,,,N,A,R,20394,0,1,4481,14365830,,,,,,,,,,,,,,,,,,,,,,,,,20.400,21.480,21.340,2478900.000,0.028434,21.200,21.380,586072.000,1.000,1.000,20.500,,0.028434,0.014,0.014,0.011,0.011,0.014
75154,2001/10/26,,12,1,4481,14365810,CCL,CARNIVAL CORP,,,,N,A,R,20394,0,1,4481,14365830,,,,,,,,,,,,,,,,,,,,,,,,,21.000,21.390,21.140,1097000.000,-0.009372,21.040,21.200,586072.000,1.000,1.000,21.350,,-0.009372,0.004,0.004,0.007,0.007,0.004
75154,2001/10/29,,12,1,4481,14365810,CCL,CARNIVAL CORP,,,,N,A,R,20394,0,1,4481,14365830,,,,,,,,,,,,,,,,,,,,,,,,,20.800,21.190,20.800,1386800.000,-0.016083,20.730,20.890,586072.000,1.000,1.000,21.030,,-0.016083,-0.023,-0.023,-0.009,-0.009,-0.024
75154,2001/10/30,,12,1,4481,14365810,CCL,CARNIVAL CORP,,,,N,A,R,20394,0,1,4481,14365830,,,,,,,,,,,,,,,,,,,,,,,,,21.010,21.750,21.510,3083900.000,0.034135,21.400,21.560,586072.000,1.000,1.000,21.200,,0.034135,-0.017,-0.017,-0.011,-0.012,-0.017
75154,2001/10/31,,12,1,4481,14365810,CCL,CARNIVAL CORP,,,,N,A,R,20394,0,1,4481,14365830,,,,,,,,0.000,,,,,,,,,,,,,,,,,21.600,22.050,21.780,1908000.000,0.012552,21.670,21.830,586164.000,1.000,1.000,22.000,,0.012552,0.002,0.002,0.011,0.011,-0.000
75154,2001/11/01,,12,1,4481,14365810,CCL,CARNIVAL CORP,,,,N,A,R,20394,0,1,4481,14365830,,,,,,,,,,,,,,,,,,,,,,,,,21.600,22.750,22.650,1799700.000,0.039945,22.640,22.760,586164.000,1.000,1.000,22.000,,0.039945,0.021,0.021,0.009,0.009,0.023
75154,2001/11/02,,12,1,4481,14365810,CCL,CARNIVAL CORP,,,,N,A,R,20394,0,1,4481,14365830,,,,,,,,,,,,,,,,,,,,,,,,,22.650,23.860,23.570,2295400.000,0.040618,23.480,23.630,586164.000,1.000,1.000,22.800,,0.040618,0.002,0.002,-0.001,-0.001,0.003
75154,2001/11/05,,12,1,4481,14365810,CCL,CARNIVAL CORP,,,,N,A,R,20394,0,1,4481,14365830,,,,,,,,,,,,,,,,,,,,,,,,,23.600,24.350,23.940,1816300.000,0.015698,23.870,24.000,586164.000,1.000,1.000,23.600,,0.015698,0.014,0.014,0.008,0.008,0.014
75154,2001/11/06,,12,1,4481,14365810,CCL,CARNIVAL CORP,,,,N,A,R,20394,0,1,4481,14365830,,,,,,,,,,,,,,,,,,,,,,,,,23.600,24.500,24.380,1891700.000,0.018379,24.370,24.380,586164.000,1.000,1.000,24.000,,0.018379,0.014,0.014,0.007,0.007,0.015
75154,2001/11/07,,12,1,4481,14365810,CCL,CARNIVAL CORP,,,,N,A,R,20394,0,1,4481,14365830,,,,,,,,,,,,,,,,,,,,,,,,,23.750,24.250,23.880,1293500.000,-0.020509,23.790,23.950,586164.000,1.000,1.000,23.850,,-0.020509,-0.002,-0.002,0.001,0.001,-0.003
75154,2001/11/08,,12,1,4481,14365810,CCL,CARNIVAL CORP,,,,N,A,R,20394,0,1,4481,14365830,,,,,,,,,,,,,,,,,,,,,,,,,23.880,25.080,24.200,1809100.000,0.013400,24.190,24.200,586164.000,1.000,1.000,23.880,,0.013400,0.001,0.001,0.003,0.003,0.002
75154,2001/11/09,,12,1,4481,14365810,CCL,CARNIVAL CORP,,,,N,A,R,20394,0,1,4481,14365830,,,,,,,,,,,,,,,,,,,,,,,,,23.870,24.400,24.150,1274600.000,-0.002066,23.950,24.110,586164.000,1.000,1.000,24.400,,-0.002066,0.001,0.001,0.003,0.003,0.002
75154,2001/11/12,,12,1,4481,14365810,CCL,CARNIVAL CORP,,,,N,A,R,20394,0,1,4481,14365830,,,,,,,,,,,,,,,,,,,,,,,,,22.010,24.120,24.000,3652700.000,-0.006211,23.910,24.070,586164.000,1.000,1.000,23.950,,-0.006211,-0.001,-0.001,0.001,0.001,-0.002
75154,2001/11/13,,12,1,4481,14365810,CCL,CARNIVAL CORP,,,,N,A,R,20394,0,1,4481,14365830,,,,,,,,,,,,,,,,,,,,,,,,,24.300,25.250,25.150,1783200.000,0.047917,25.170,25.250,586164.000,1.000,1.000,24.500,,0.047917,0.019,0.018,0.014,0.014,0.019
75154,2001/11/14,,12,1,4481,14365810,CCL,CARNIVAL CORP,,,,N,A,R,20394,0,1,4481,14365830,,,,,,,,,,,,,,,,,,,,,,,,,24.650,25.500,24.850,1303900.000,-0.011928,24.820,24.990,586164.000,1.000,1.000,25.350,,-0.011928,0.003,0.003,0.008,0.007,0.002
75154,2001/11/15,,12,1,4481,14365810,CCL,CARNIVAL CORP,,,,N,A,R,20394,0,1,4481,14365830,,,,,,,,,,,,,,,,,,,,,,,,,24.950,25.500,25.400,2611700.000,0.022133,25.340,25.490,586164.000,1.000,1.000,25.100,,0.022133,0.000,0.000,0.000,0.000,0.001
75154,2001/11/16,,12,1,4481,14365810,CCL,CARNIVAL CORP,,,,N,A,R,20394,0,1,4481,14365830,,,,,,,,,,,,,,,,,,,,,,,,,25.010,25.700,25.610,2603700.000,0.008268,25.540,25.690,586164.000,1.000,1.000,25.500,,0.008268,-0.002,-0.002,0.006,0.006,-0.003
75154,2001/11/19,,12,1,4481,14365810,CCL,CARNIVAL CORP,,,,N,A,R,20394,0,1,4481,14365830,,,,,,,,,,,,,,,,,,,,,,,,,25.300,26.140,26.110,1688900.000,0.019524,26.000,26.160,586164.000,1.000,1.000,25.700,,0.019524,0.012,0.012,0.012,0.012,0.011
75154,2001/11/20,,12,1,4481,14365810,CCL,CARNIVAL CORP,,,,N,A,R,20394,0,1,4481,14365830,,,,,,,,,,,,,,,,,,,,,,,,,25.660,26.590,25.900,1871300.000,-0.008043,25.810,25.980,586164.000,1.000,1.000,26.110,,-0.008043,-0.008,-0.008,-0.005,-0.005,-0.007
75154,2001/11/21,,12,1,4481,14365810,CCL,CARNIVAL CORP,,,,N,A,R,20394,0,1,4481,14365830,,,,,,,,,,,,,,,,,,,,,,,,,24.850,25.900,25.220,1852000.000,-0.026255,25.160,25.310,586164.000,1.000,1.000,25.900,,-0.026255,-0.004,-0.005,0.000,0.000,-0.005
75154,2001/11/23,,12,1,4481,14365810,CCL,CARNIVAL CORP,,,,N,A,R,20394,0,1,4481,14365830,,,,,,,,,,,,,,,,,,,,,,,,,25.000,25.550,25.490,632000.000,0.010706,25.370,25.580,586164.000,1.000,1.000,25.470,,0.010706,0.012,0.012,0.010,0.010,0.012
75154,2001/11/26,,12,1,4481,14365810,CCL,CARNIVAL CORP,,,,N,A,R,20394,0,1,4481,14365830,,,,,,,,,,,,,,,,,,,,,,,,,25.580,26.000,25.900,1436200.000,0.016085,25.840,25.990,586164.000,1.000,1.000,25.740,,0.016085,0.007,0.007,0.006,0.006,0.006
75154,2001/11/27,,12,1,4481,14365810,CCL,CARNIVAL CORP,,,,N,A,R,20394,0,1,4481,14365830,,,,,,,,,,,,,,,,,,,,,,,,,25.450,26.050,25.920,1212700.000,0.000772,25.850,25.970,586164.000,1.000,1.000,25.910,,0.000772,-0.005,-0.005,0.002,0.002,-0.007
75154,2001/11/28,,12,1,4481,14365810,CCL,CARNIVAL CORP,,,,N,A,R,20394,0,1,4481,14365830,2001/11/15,,,,,2001/12/14,2001/11/30,0.000,,,1232.000,0.105,0.000,0.000,,,,,,,,,,,25.400,25.810,25.470,1112200.000,-0.013310,25.400,25.550,586164.000,1.000,1.000,25.810,,-0.017361,-0.017,-0.018,-0.010,-0.010,-0.018
75154,2001/11/29,,12,1,4481,14365810,CCL,CARNIVAL CORP,,,,N,A,R,20394,0,1,4481,14365830,,,,,,,,,,,,,,,,,,,,,,,,,24.970,25.680,25.570,1542200.000,0.003926,25.500,25.660,586164.000,1.000,1.000,25.500,,0.003926,0.011,0.011,0.009,0.009,0.010
75154,2001/11/30,,12,1,4481,14365810,CCL,CARNIVAL CORP,,,,N,A,R,20394,0,1,4481,14365830,,,,,,,,0.000,,,,,,,,,,,,,,,,,25.350,26.230,26.110,1787800.000,0.021119,25.970,26.190,586166.000,1.000,1.000,25.600,,0.021119,-0.001,-0.001,0.001,0.001,-0.001
75154,2001/12/03,,12,1,4481,14365810,CCL,CARNIVAL CORP,,,,N,A,R,20394,0,1,4481,14365830,,,,,,,,,,,,,,,,,,,,,,,,,25.750,26.350,26.240,1587800.000,0.004979,26.120,26.280,586166.000,1.000,1.000,26.070,,0.004979,-0.008,-0.008,-0.007,-0.007,-0.008
75154,2001/12/04,,12,1,4481,14365810,CCL,CARNIVAL CORP,,,,N,A,R,20394,0,1,4481,14365830,,,,,,,,,,,,,,,,,,,,,,,,,25.950,26.350,26.250,1469800.000,0.000381,26.270,26.420,586166.000,1.000,1.000,26.300,,0.000381,0.015,0.015,0.012,0.012,0.013
75154,2001/12/05,,12,1,4481,14365810,CCL,CARNIVAL CORP,,,,N,A,R,20394,0,1,4481,14365830,,,,,,,,,,,,,,,,,,,,,,,,,26.270,27.220,27.220,1453200.000,0.036952,27.120,27.270,586166.000,1.000,1.000,26.300,,0.036952,0.023,0.023,0.017,0.017,0.022
75154,2001/12/06,,12,1,4481,14365810,CCL,CARNIVAL CORP,,,,N,A,R,20394,0,1,4481,14365830,,,,,,,,,,,,,,,,,,,,,,,,,27.000,27.800,27.610,1449400.000,0.014328,27.490,27.640,586166.000,1.000,1.000,27.400,,0.014328,-0.001,-0.001,0.006,0.006,-0.003
75154,2001/12/07,,12,1,4481,14365810,CCL,CARNIVAL CORP,,,,N,A,R,20394,0,1,4481,14365830,,,,,,,,,,,,,,,,,,,,,,,,,27.310,27.800,27.670,1015200.000,0.002173,27.500,27.650,586166.000,1.000,1.000,27.630,,0.002173,-0.007,-0.007,0.002,0.002,-0.008
75154,2001/12/10,,12,1,4481,14365810,CCL,CARNIVAL CORP,,,,N,A,R,20394,0,1,4481,14365830,,,,,,,,,,,,,,,,,,,,,,,,,26.870,27.970,27.000,1578300.000,-0.024214,26.900,27.130,586166.000,1.000,1.000,27.700,,-0.024214,-0.015,-0.015,-0.007,-0.007,-0.016
75154,2001/12/11,,12,1,4481,14365810,CCL,CARNIVAL CORP,,,,N,A,R,20394,0,1,4481,14365830,,,,,,,,,,,,,,,,,,,,,,,,,26.550,27.240,26.590,2039500.000,-0.015185,26.530,26.680,586166.000,1.000,1.000,27.000,,-0.015185,-0.002,-0.002,0.003,0.003,-0.003
75154,2001/12/12,,12,1,4481,14365810,CCL,CARNIVAL CORP,,,,N,A,R,20394,0,1,4481,14365830,,,,,,,,,,,,,,,,,,,,,,,,,26.270,26.800,26.550,1726200.000,-0.001504,26.440,26.590,586166.000,1.000,1.000,26.600,,-0.001504,0.001,0.000,0.002,0.002,0.000
75154,2001/12/13,,12,1,4481,14365810,CCL,CARNIVAL CORP,,,,N,A,R,20394,0,1,4481,14365830,,,,,,,,,,,,,,,,,,,,,,,,,26.200,27.100,26.740,1126700.000,0.007156,26.640,26.800,586166.000,1.000,1.000,26.750,,0.007156,-0.015,-0.015,-0.008,-0.008,-0.016
75154,2001/12/14,,12,1,4481,14365810,CCL,CARNIVAL CORP,,,,N,A,R,20394,0,1,4481,14365830,,,,,,,,,,,,,,,,,,,,,,,,,26.800,27.370,27.300,1481700.000,0.020942,27.130,27.290,586166.000,1.000,1.000,26.800,,0.020942,0.003,0.003,0.002,0.002,0.003
75154,2001/12/17,,12,1,4481,14365810,CCL,CARNIVAL CORP,,,,N,A,R,20394,0,1,4481,14365830,,,,,,,,,,,,,,,,,,,,,,,,,26.530,27.250,26.830,1697400.000,-0.017216,26.820,26.830,586166.000,1.000,1.000,26.910,,-0.017216,0.010,0.010,0.005,0.005,0.010
75154,2001/12/18,,12,1,4481,14365810,CCL,CARNIVAL CORP,,,,N,A,R,20394,0,1,4481,14365830,,,,,,,,,,,,,,,,,,,,,,,,,26.790,27.260,27.220,1445500.000,0.014536,27.200,27.220,586166.000,1.000,1.000,26.840,,0.014536,0.008,0.008,0.007,0.007,0.008
75154,2001/12/19,,12,1,4481,14365810,CCL,CARNIVAL CORP,,,,N,A,R,20394,0,1,4481,14365830,,,,,,,,,,,,,,,,,,,,,,,,,26.800,27.560,27.370,1144700.000,0.005511,27.300,27.450,586166.000,1.000,1.000,27.220,,0.005511,0.004,0.004,-0.003,-0.003,0.006
75154,2001/12/20,,12,1,4481,14365810,CCL,CARNIVAL CORP,,,,N,A,R,20394,0,1,4481,14365830,,,,,,,,,,,,,,,,,,,,,,,,,27.370,27.840,27.640,1769000.000,0.009865,27.550,27.730,586166.000,1.000,1.000,27.370,,0.009865,-0.009,-0.009,-0.009,-0.009,-0.008
75154,2001/12/21,,12,1,4481,14365810,CCL,CARNIVAL CORP,,,,N,A,R,20394,0,1,4481,14365830,,,,,,,,,,,,,,,,,,,,,,,,,27.400,27.650,27.630,2294700.000,-0.000362,27.560,27.710,586166.000,1.000,1.000,27.650,,-0.000362,0.006,0.006,0.010,0.010,0.004
75154,2001/12/24,,12,1,4481,14365810,CCL,CARNIVAL CORP,,,,N,A,R,20394,0,1,4481,14365830,,,,,,,,,,,,,,,,,,,,,,,,,27.560,27.760,27.600,384200.000,-0.001086,27.550,27.730,586166.000,1.000,1.000,27.650,,-0.001086,0.000,0.000,0.004,0.004,-0.000
75154,2001/12/26,,12,1,4481,14365810,CCL,CARNIVAL CORP,,,,N,A,R,20394,0,1,4481,14365830,,,,,,,,,,,,,,,,,,,,,,,,,27.400,27.850,27.680,773900.000,0.002899,27.770,27.780,586166.000,1.000,1.000,27.400,,0.002899,0.005,0.005,0.007,0.007,0.004
75154,2001/12/27,,12,1,4481,14365810,CCL,CARNIVAL CORP,,,,N,A,R,20394,0,1,4481,14365830,,,,,,,,,,,,,,,,,,,,,,,,,27.400,27.970,27.970,528000.000,0.010477,27.880,28.030,586166.000,1.000,1.000,27.690,,0.010477,0.007,0.007,0.008,0.008,0.007
75154,2001/12/28,,12,1,4481,14365810,CCL,CARNIVAL CORP,,,,N,A,R,20394,0,1,4481,14365830,,,,,,,,,,,,,,,,,,,,,,,,,27.900,28.440,28.280,740200.000,0.011083,28.140,28.300,586166.000,1.000,1.000,28.000,,0.011083,0.004,0.004,0.009,0.009,0.003
75154,2001/12/31,,12,1,4481,14365810,CCL,CARNIVAL CORP,,,,N,A,R,20394,0,1,4481,14365830,,,,,,,,0.000,,,,,,,,,,,,,,,,,27.950,28.330,28.080,824000.000,-0.007072,28.060,28.210,586167.000,1.000,1.000,28.030,,-0.007072,-0.010,-0.010,0.007,0.007,-0.011
75154,2002/01/02,2003/04/20,12,1,4481,14365810,CCL,CARNIVAL CORP,,CCL,,N,A,R,20394,0,1,4481,14365830,,,,,,,,2.000,44.000,448.000,,,,,,,,,,,,,,,27.200,27.850,27.650,965100.000,-0.015313,27.580,27.730,586167.000,1.000,1.000,27.830,,-0.015313,0.004,0.004,0.008,0.008,0.006
75154,2002/01/03,,12,1,4481,14365810,CCL,CARNIVAL CORP,,CCL,,N,A,R,20394,0,1,4481,14365830,,,,,,,,,44.000,448.000,,,,,,,,,,,,,,,27.500,27.790,27.630,1197300.000,-0.000723,27.560,27.710,586167.000,1.000,1.000,27.600,,-0.000723,0.010,0.010,0.013,0.013,0.009
75154,2002/01/04,,12,1,4481,14365810,CCL,CARNIVAL CORP,,CCL,,N,A,R,20394,0,1,4481,14365830,,,,,,,,,44.000,448.000,,,,,,,,,,,,,,,27.500,28.620,28.440,1287600.000,0.029316,28.380,28.540,586167.000,1.000,1.000,27.600,,0.029316,0.007,0.007,0.011,0.011,0.006
75154,2002/01/07,,12,1,4481,14365810,CCL,CARNIVAL CORP,,CCL,,N,A,R,20394,0,1,4481,14365830,,,,,,,,,44.000,448.000,,,,,,,,,,,,,,,27.600,28.350,28.130,1041200.000,-0.010900,28.070,28.220,586167.000,1.000,1.000,28.150,,-0.010900,-0.007,-0.007,-0.000,-0.000,-0.006
75154,2002/01/08,,12,1,4481,14365810,CCL,CARNIVAL CORP,,CCL,,N,A,R,20394,0,1,4481,14365830,,,,,,,,,44.000,448.000,,,,,,,,,,,,,,,27.260,27.950,27.470,2015800.000,-0.023462,27.400,27.580,586167.000,1.000,1.000,27.880,,-0.023462,-0.002,-0.003,0.005,0.005,-0.004
75154,2002/01/09,,12,1,4481,14365810,CCL,CARNIVAL CORP,,CCL,,N,A,R,20394,0,1,4481,14365830,,,,,,,,,44.000,448.000,,,,,,,,,,,,,,,26.560,27.550,26.670,1453700.000,-0.029123,26.580,26.710,586167.000,1.000,1.000,27.370,,-0.029123,-0.004,-0.004,0.001,0.001,-0.005
75154,2002/01/10,,12,1,4481,14365810,CCL,CARNIVAL CORP,,CCL,,N,A,R,20394,0,1,4481,14365830,,,,,,,,,44.000,448.000,,,,,,,,,,,,,,,26.520,27.420,27.280,825700.000,0.022872,27.210,27.360,586167.000,1.000,1.000,26.670,,0.022872,0.001,0.001,0.000,0.000,0.001
75154,2002/01/11,,12,1,4481,14365810,CCL,CARNIVAL CORP,,CCL,,N,A,R,20394,0,1,4481,14365830,,,,,,,,,44.000,448.000,,,,,,,,,,,,,,,26.630,27.380,26.630,1209800.000,-0.023827,26.620,26.770,586167.000,1.000,1.000,27.250,,-0.023827,-0.009,-0.009,-0.004,-0.004,-0.009
75154,2002/01/14,,12,1,4481,14365810,CCL,CARNIVAL CORP,,CCL,,N,A,R,20394,0,1,4481,14365830,,,,,,,,,44.000,448.000,,,,,,,,,,,,,,,25.920,26.750,26.170,1943600.000,-0.017274,26.080,26.230,586167.000,1.000,1.000,26.600,,-0.017274,-0.008,-0.008,-0.010,-0.010,-0.006
75154,2002/01/15,,12,1,4481,14365810,CCL,CARNIVAL CORP,,CCL,,N,A,R,20394,0,1,4481,14365830,,,,,,,,,44.000,448.000,,,,,,,,,,,,,,,25.460,26.420,26.010,2270300.000,-0.006114,25.960,26.130,586167.000,1.000,1.000,26.170,,-0.006114,0.006,0.006,0.001,0.001,0.007
75154,2002/01/16,,12,1,4481,14365810,CCL,CARNIVAL CORP,,CCL,,N,A,R,20394,0,1,4481,14365830,,,,,,,,,44.000,448.000,,,,,,,,,,,,,,,25.910,26.190,26.060,3843000.000,0.001922,26.040,26.190,586167.000,1.000,1.000,25.950,,0.001922,-0.016,-0.016,-0.011,-0.011,-0.016
75154,2002/01/17,,12,1,4481,14365810,CCL,CARNIVAL CORP,,CCL,,N,A,R,20394,0,1,4481,14365830,,,,,,,,,44.000,448.000,,,,,,,,,,,,,,,25.350,26.460,26.460,2385700.000,0.015349,26.350,26.530,586167.000,1.000,1.000,25.900,,0.015349,0.010,0.010,0.007,0.007,0.010
75154,2002/01/18,,12,1,4481,14365810,CCL,CARNIVAL CORP,,CCL,,N,A,R,20394,0,1,4481,14365830,,,,,,,,,44.000,448.000,,,,,,,,,,,,,,,26.010,26.600,26.050,1953600.000,-0.015495,25.980,26.140,586167.000,1.000,1.000,26.210,,-0.015495,-0.010,-0.010,-0.006,-0.006,-0.010
75154,2002/01/22,,12,1,4481,14365810,CCL,CARNIVAL CORP,,CCL,,N,A,R,20394,0,1,4481,14365830,,,,,,,,,44.000,448.000,,,,,,,,,,,,,,,25.490,26.100,25.720,1998600.000,-0.012668,25.630,25.810,586167.000,1.000,1.000,26.040,,-0.012668,-0.008,-0.008,-0.008,-0.008,-0.007
75154,2002/01/23,,12,1,4481,14365810,CCL,CARNIVAL CORP,,CCL,,N,A,R,20394,0,1,4481,14365830,,,,,,,,,44.000,448.000,,,,,,,,,,,,,,,25.400,26.050,26.050,1570000.000,0.012830,25.930,26.090,586167.000,1.000,1.000,25.720,,0.012830,0.009,0.009,0.008,0.008,0.008
75154,2002/01/24,,12,1,4481,14365810,CCL,CARNIVAL CORP,,CCL,,N,A,R,20394,0,1,4481,14365830,,,,,,,,,44.000,448.000,,,,,,,,,,,,,,,25.900,26.370,26.370,1446100.000,0.012284,26.240,26.390,586167.000,1.000,1.000,25.910,,0.012284,0.004,0.004,0.006,0.006,0.004
75154,2002/01/25,,12,1,4481,14365810,CCL,CARNIVAL CORP,,CCL,,N,A,R,20394,0,1,4481,14365830,,,,,,,,,44.000,448.000,,,,,,,,,,,,,,,26.220,27.740,27.060,2051700.000,0.026166,26.980,27.130,586167.000,1.000,1.000,26.370,,0.026166,0.001,0.001,0.000,0.000,0.001
75154,2002/01/28,,12,1,4481,14365810,CCL,CARNIVAL CORP,,CCL,,N,A,R,20394,0,1,4481,14365830,,,,,,,,,44.000,448.000,,,,,,,,,,,,,,,26.890,27.250,27.060,1062000.000,0.000000,26.990,27.150,586167.000,1.000,1.000,27.000,,0.000000,0.000,0.000,0.000,0.000,-0.000
75154,2002/01/29,,12,1,4481,14365810,CCL,CARNIVAL CORP,,CCL,,N,A,R,20394,0,1,4481,14365830,,,,,,,,,44.000,448.000,,,,,,,,,,,,,,,26.900,27.540,27.050,1430300.000,-0.000370,26.900,27.120,586167.000,1.000,1.000,27.310,,-0.000370,-0.025,-0.025,-0.011,-0.012,-0.029
75154,2002/01/30,,12,1,4481,14365810,CCL,CARNIVAL CORP,,CCL,,N,A,R,20394,0,1,4481,14365830,,,,,,,,,44.000,448.000,,,,,,,,,,,,,,,26.030,27.100,26.560,2959400.000,-0.018115,26.390,26.620,586167.000,1.000,1.000,27.000,,-0.018115,0.010,0.010,0.004,0.004,0.012
75154,2002/01/31,,12,1,4481,14365810,CCL,CARNIVAL CORP,,CCL,,N,A,R,20394,0,1,4481,14365830,,,,,,,,0.000,44.000,448.000,,,,,,,,,,,,,,,26.400,27.090,27.040,1494400.000,0.018072,26.900,27.140,586169.000,1.000,1.000,26.560,,0.018072,0.013,0.013,0.010,0.009,0.015
75154,2002/02/01,,12,1,4481,14365810,CCL,CARNIVAL CORP,,CCL,,N,A,R,20394,0,1,4481,14365830,,,,,,,,,44.000,448.000,,,,,,,,,,,,,,,26.760,27.240,26.880,1120000.000,-0.005917,26.750,26.960,586169.000,1.000,1.000,27.150,,-0.005917,-0.006,-0.006,-0.002,-0.002,-0.007
75154,2002/02/04,,12,1,4481,14365810,CCL,CARNIVAL CORP,,CCL,,N,A,R,20394,0,1,4481,14365830,,,,,,,,,44.000,448.000,,,,,,,,,,,,,,,26.010,26.800,26.060,788000.000,-0.030506,26.010,26.180,586169.000,1.000,1.000,26.800,,-0.030506,-0.024,-0.024,-0.016,-0.016,-0.025
75154,2002/02/05,,12,1,4481,14365810,CCL,CARNIVAL CORP,,CCL,,N,A,R,20394,0,1,4481,14365830,,,,,,,,,44.000,448.000,,,,,,,,,,,,,,,25.820,26.470,26.280,983000.000,0.008442,26.060,26.300,586169.000,1.000,1.000,26.260,,0.008442,-0.005,-0.005,-0.008,-0.008,-0.004
75154,2002/02/06,,12,1,4481,14365810,CCL,CARNIVAL CORP,,CCL,,N,A,R,20394,0,1,4481,14365830,,,,,,,,,44.000,448.000,,,,,,,,,,,,,,,25.550,26.200,25.860,1076400.000,-0.015982,25.750,25.970,586169.000,1.000,1.000,26.050,,-0.015982,-0.007,-0.007,-0.010,-0.010,-0.006
75154,2002/02/07,,12,1,4481,14365810,CCL,CARNIVAL CORP,,CCL,,N,A,R,20394,0,1,4481,14365830,,,,,,,,,44.000,448.000,,,,,,,,,,,,,,,25.230,26.300,25.670,1694600.000,-0.007347,25.510,25.780,586169.000,1.000,1.000,26.300,,-0.007347,-0.004,-0.004,-0.006,-0.006,-0.003
75154,2002/02/08,,12,1,4481,14365810,CCL,CARNIVAL CORP,,CCL,,N,A,R,20394,0,1,4481,14365830,,,,,,,,,44.000,448.000,,,,,,,,,,,,,,,25.500,26.700,26.620,1655900.000,0.037008,26.600,26.610,586169.000,1.000,1.000,25.500,,0.037008,0.016,0.016,0.012,0.012,0.015
75154,2002/02/11,,12,1,4481,14365810,CCL,CARNIVAL CORP,,CCL,,N,A,R,20394,0,1,4481,14365830,,,,,,,,,44.000,448.000,,,,,,,,,,,,,,,25.050,26.550,26.090,2083600.000,-0.019910,25.940,26.180,586169.000,1.000,1.000,26.550,,-0.019910,0.013,0.013,0.008,0.008,0.014
75154,2002/02/12,,12,1,4481,14365810,CCL,CARNIVAL CORP,,CCL,,N,A,R,20394,0,1,4481,14365830,,,,,,,,,44.000,448.000,,,,,,,,,,,,,,,25.060,25.800,25.550,2305700.000,-0.020698,25.390,25.600,586169.000,1.000,1.000,25.800,,-0.020698,-0.003,-0.003,-0.000,-0.000,-0.004
75154,2002/02/13,,12,1,4481,14365810,CCL,CARNIVAL CORP,,CCL,,N,A,R,20394,0,1,4481,14365830,,,,,,,,,44.000,448.000,,,,,,,,,,,,,,,25.900,26.600,26.480,1753100.000,0.036399,26.310,26.530,586169.000,1.000,1.000,26.000,,0.036399,0.010,0.009,0.006,0.006,0.010
75154,2002/02/14,,12,1,4481,14365810,CCL,CARNIVAL CORP,,CCL,,N,A,R,20394,0,1,4481,14365830,,,,,,,,,44.000,448.000,,,,,,,,,,,,,,,26.280,26.730,26.430,876400.000,-0.001888,26.300,26.510,586169.000,1.000,1.000,26.600,,-0.001888,-0.002,-0.003,-0.005,-0.005,-0.002
75154,2002/02/15,,12,1,4481,14365810,CCL,CARNIVAL CORP,,CCL,,N,A,R,20394,0,1,4481,14365830,,,,,,,,,44.000,448.000,,,,,,,,,,,,,,,25.490,26.260,25.600,1630400.000,-0.031404,25.480,25.720,586169.000,1.000,1.000,26.250,,-0.031404,-0.010,-0.010,-0.004,-0.004,-0.011
75154,2002/02/19,,12,1,4481,14365810,CCL,CARNIVAL CORP,,CCL,,N,A,R,20394,0,1,4481,14365830,,,,,,,,,44.000,448.000,,,,,,,,,,,,,,,25.190,25.670,25.190,1116700.000,-0.016016,25.060,25.280,586169.000,1.000,1.000,25.500,,-0.016016,-0.019,-0.019,-0.015,-0.015,-0.019
75154,2002/02/20,,12,1,4481,14365810,CCL,CARNIVAL CORP,,CCL,,N,A,R,20394,0,1,4481,14365830,,,,,,,,,44.000,448.000,,,,,,,,,,,,,,,25.180,25.880,25.740,1428700.000,0.021834,25.490,25.780,586169.000,1.000,1.000,25.200,,0.021834,0.013,0.013,0.005,0.005,0.014
75154,2002/02/21,,12,1,4481,14365810,CCL,CARNIVAL CORP,,CCL,,N,A,R,20394,0,1,4481,14365830,,,,,,,,,44.000,448.000,,,,,,,,,,,,,,,25.600,26.180,25.680,1491500.000,-0.002331,25.540,25.830,586169.000,1.000,1.000,25.750,,-0.002331,-0.015,-0.015,-0.009,-0.009,-0.016
75154,2002/02/22,,12,1,4481,14365810,CCL,CARNIVAL CORP,,CCL,,N,A,R,20394,0,1,4481,14365830,,,,,,,,,44.000,448.000,,,,,,,,,,,,,,,25.470,26.100,25.930,1311600.000,0.009735,25.770,25.990,586169.000,1.000,1.000,25.600,,0.009735,0.007,0.007,0.004,0.004,0.008
75154,2002/02/25,,12,1,4481,14365810,CCL,CARNIVAL CORP,,CCL,,N,A,R,20394,0,1,4481,14365830,,,,,,,,,44.000,448.000,,,,,,,,,,,,,,,25.760,26.260,26.130,1867900.000,0.007713,25.990,26.210,586169.000,1.000,1.000,25.920,,0.007713,0.016,0.016,0.005,0.005,0.018
75154,2002/02/26,,12,1,4481,14365810,CCL,CARNIVAL CORP,,CCL,,N,A,R,20394,0,1,4481,14365830,2002/01/23,,,,,2002/03/14,2002/02/28,0.000,44.000,448.000,1232.000,0.105,0.000,0.000,,,,,,,,,,,25.840,26.610,26.560,1116700.000,0.020475,26.340,26.560,586169.000,1.000,1.000,26.200,,0.016456,0.001,0.001,0.003,0.003,-0.000
75154,2002/02/27,,12,1,4481,14365810,CCL,CARNIVAL CORP,,CCL,,N,A,R,20394,0,1,4481,14365830,,,,,,,,,44.000,448.000,,,,,,,,,,,,,,,26.250,26.980,26.670,942700.000,0.004142,26.540,26.770,586169.000,1.000,1.000,26.810,,0.004142,0.001,0.001,0.003,0.003,0.000
75154,2002/02/28,,12,1,4481,14365810,CCL,CARNIVAL CORP,,CCL,,N,A,R,20394,0,1,4481,14365830,,,,,,,,0.000,44.000,448.000,,,,,,,,,,,,,,,27.200,27.850,27.290,2315000.000,0.023247,27.150,27.360,586172.000,1.000,1.000,27.250,,0.023247,-0.003,-0.003,-0.001,-0.001,-0.003
75154,2002/03/01,,12,1,4481,14365810,CCL,CARNIVAL CORP,,CCL,,N,A,R,20394,0,1,4481,14365830,,,,,,,,,44.000,448.000,,,,,,,,,,,,,,,27.400,28.140,28.140,1898100.000,0.031147,28.120,28.210,586172.000,1.000,1.000,27.400,,0.031147,0.022,0.022,0.012,0.012,0.023
75154,2002/03/04,,12,1,4481,14365810,CCL,CARNIVAL CORP,,CCL,,N,A,R,20394,0,1,4481,14365830,,,,,,,,,44.000,448.000,,,,,,,,,,,,,,,27.900,28.750,28.730,1975100.000,0.020967,28.600,28.810,586172.000,1.000,1.000,28.190,,0.020967,0.020,0.020,0.015,0.015,0.019
75154,2002/03/05,,12,1,4481,14365810,CCL,CARNIVAL CORP,,CCL,,N,A,R,20394,0,1,4481,14365830,,,,,,,,,44.000,448.000,,,,,,,,,,,,,,,28.460,29.400,29.090,1846800.000,0.012530,29.000,29.230,586172.000,1.000,1.000,28.800,,0.012530,-0.005,-0.005,0.003,0.003,-0.007
75154,2002/03/06,,12,1,4481,14365810,CCL,CARNIVAL CORP,,CCL,,N,A,R,20394,0,1,4481,14365830,,,,,,,,,44.000,448.000,,,,,,,,,,,,,,,29.070,29.990,29.820,2297700.000,0.025095,29.680,29.750,586172.000,1.000,1.000,29.100,,0.025095,0.014,0.014,0.013,0.012,0.015
75154,2002/03/07,,12,1,4481,14365810,CCL,CARNIVAL CORP,,CCL,,N,A,R,20394,0,1,4481,14365830,,,,,,,,,44.000,448.000,,,,,,,,,,,,,,,29.500,30.510,30.410,3328600.000,0.019785,30.300,30.520,586172.000,1.000,1.000,29.990,,0.019785,-0.004,-0.004,0.004,0.004,-0.004
75154,2002/03/08,,12,1,4481,14365810,CCL,CARNIVAL CORP,,CCL,,N,A,R,20394,0,1,4481,14365830,,,,,,,,,44.000,448.000,,,,,,,,,,,,,,,30.700,31.500,31.470,3067000.000,0.034857,31.360,31.570,586172.000,1.000,1.000,30.900,,0.034857,0.007,0.007,0.009,0.009,0.006
75154,2002/03/11,,12,1,4481,14365810,CCL,CARNIVAL CORP,,CCL,,N,A,R,20394,0,1,4481,14365830,,,,,,,,,44.000,448.000,,,,,,,,,,,,,,,30.850,31.470,31.470,1724100.000,0.000000,29.970,31.540,586172.000,1.000,1.000,31.140,,0.000000,0.003,0.003,0.005,0.005,0.003
75154,2002/03/12,,12,1,4481,14365810,CCL,CARNIVAL CORP,,CCL,,N,A,R,20394,0,1,4481,14365830,,,,,,,,,44.000,448.000,,,,,,,,,,,,,,,30.480,31.200,30.790,2236400.000,-0.021608,29.290,30.860,586172.000,1.000,1.000,31.080,,-0.021608,-0.003,-0.003,-0.003,-0.003,-0.002
75154,2002/03/13,,12,1,4481,14365810,CCL,CARNIVAL CORP,,CCL,,N,A,R,20394,0,1,4481,14365830,,,,,,,,,44.000,448.000,,,,,,,,,,,,,,,30.500,31.040,31.000,1757400.000,0.006820,29.480,31.060,586172.000,1.000,1.000,30.700,,0.006820,-0.009,-0.009,-0.003,-0.004,-0.010
75154,2002/03/14,,12,1,4481,14365810,CCL,CARNIVAL CORP,,CCL,,N,A,R,20394,0,1,4481,14365830,,,,,,,,,44.000,448.000,,,,,,,,,,,,,,,30.660,31.160,30.890,850000.000,-0.003548,30.630,31.140,586172.000,1.000,1.000,31.000,,-0.003548,-0.000,-0.000,0.004,0.004,-0.001
75154,2002/03/15,,12,1,4481,14365810,CCL,CARNIVAL CORP,,CCL,,N,A,R,20394,0,1,4481,14365830,,,,,,,,,44.000,448.000,,,,,,,,,,,,,,,31.990,32.750,32.690,3822700.000,0.058271,32.440,32.800,586172.000,1.000,1.000,31.990,,0.058271,0.010,0.010,0.005,0.005,0.011
75154,2002/03/18,,12,1,4481,14365810,CCL,CARNIVAL CORP,,CCL,,N,A,R,20394,0,1,4481,14365830,,,,,,,,,44.000,448.000,,,,,,,,,,,,,,,32.250,33.050,32.890,1220100.000,0.006118,32.630,33.040,586172.000,1.000,1.000,32.730,,0.006118,0.001,0.001,0.005,0.005,-0.001
75154,2002/03/19,,12,1,4481,14365810,CCL,CARNIVAL CORP,,CCL,,N,A,R,20394,0,1,4481,14365830,,,,,,,,,44.000,448.000,,,,,,,,,,,,,,,32.400,33.360,32.590,1570600.000,-0.009121,32.330,32.690,586172.000,1.000,1.000,33.350,,-0.009121,0.003,0.003,0.003,0.003,0.004
75154,2002/03/20,,12,1,4481,14365810,CCL,CARNIVAL CORP,,CCL,,N,A,R,20394,0,1,4481,14365830,,,,,,,,,44.000,448.000,,,,,,,,,,,,,,,32.240,33.590,32.550,2960300.000,-0.001227,32.270,32.550,586172.000,1.000,1.000,32.240,,-0.001227,-0.014,-0.014,-0.006,-0.006,-0.016
75154,2002/03/21,,12,1,4481,14365810,CCL,CARNIVAL CORP,,CCL,,N,A,R,20394,0,1,4481,14365830,,,,,,,,,44.000,448.000,,,,,,,,,,,,,,,31.850,32.800,32.260,3005500.000,-0.008909,32.010,32.360,586172.000,1.000,1.000,32.560,,-0.008909,0.003,0.003,0.006,0.006,0.002
75154,2002/03/22,,12,1,4481,14365810,CCL,CARNIVAL CORP,,CCL,,N,A,R,20394,0,1,4481,14365830,,,,,,,,,44.000,448.000,,,,,,,,,,,,,,,32.140,32.800,32.300,1382800.000,0.001240,32.040,32.400,586172.000,1.000,1.000,32.420,,0.001240,-0.004,-0.004,-0.000,-0.000,-0.004
75154,2002/03/25,,12,1,4481,14365810,CCL,CARNIVAL CORP,,CCL,,N,A,R,20394,0,1,4481,14365830,,,,,,,,,44.000,448.000,,,,,,,,,,,,,,,31.570,33.250,31.700,1815000.000,-0.018576,31.670,31.700,586172.000,1.000,1.000,32.500,,-0.018576,-0.014,-0.014,-0.007,-0.007,-0.015
75154,2002/03/26,,12,1,4481,14365810,CCL,CARNIVAL CORP,,CCL,,N,A,R,20394,0,1,4481,14365830,,,,,,,,,44.000,448.000,,,,,,,,,,,,,,,31.570,32.280,32.050,2599700.000,0.011041,31.710,32.110,586172.000,1.000,1.000,32.000,,0.011041,0.006,0.006,0.005,0.004,0.006
75154,2002/03/27,,12,1,4481,14365810,CCL,CARNIVAL CORP,,CCL,,N,A,R,20394,0,1,4481,14365830,,,,,,,,,44.000,448.000,,,,,,,,,,,,,,,31.820,32.750,32.630,1359600.000,0.018097,32.450,32.820,586172.000,1.000,1.000,32.050,,0.018097,0.006,0.005,0.006,0.006,0.005
75154,2002/03/28,,12,1,4481,14365810,CCL,CARNIVAL CORP,,CCL,,N,A,R,20394,0,1,4481,14365830,,,,,,,,0.000,44.000,448.000,,,,,,,,,,,,,,,32.500,33.130,32.650,1229700.000,0.000613,32.420,32.830,586364.000,1.000,1.000,32.630,,0.000613,0.003,0.003,0.006,0.006,0.002
75154,2002/04/01,,12,1,4481,14365810,CCL,CARNIVAL CORP,,CCL,,N,A,R,20394,0,1,4481,14365830,,,,,,,,,44.000,448.000,,,,,,,,,,,,,,,31.800,32.510,32.440,1352000.000,-0.006432,32.150,32.520,586364.000,1.000,1.000,32.450,,-0.006432,-0.001,-0.001,-0.001,-0.001,-0.001
75154,2002/04/02,,12,1,4481,14365810,CCL,CARNIVAL CORP,,CCL,,N,A,R,20394,0,1,4481,14365830,,,,,,,,,44.000,448.000,,,,,,,,,,,,,,,31.600,32.200,31.830,1690200.000,-0.018804,31.620,31.990,586364.000,1.000,1.000,31.900,,-0.018804,-0.009,-0.009,-0.005,-0.005,-0.009
75154,2002/04/03,,12,1,4481,14365810,CCL,CARNIVAL CORP,,CCL,,N,A,R,20394,0,1,4481,14365830,,,,,,,,,44.000,448.000,,,,,,,,,,,,,,,31.180,31.600,31.280,1440100.000,-0.017279,31.170,31.390,586364.000,1.000,1.000,31.580,,-0.017279,-0.009,-0.010,-0.006,-0.006,-0.010
75154,2002/04/04,,12,1,4481,14365810,CCL,CARNIVAL CORP,,CCL,,N,A,R,20394,0,1,4481,14365830,,,,,,,,,44.000,448.000,,,,,,,,,,,,,,,30.860,31.250,31.000,2080900.000,-0.008951,30.990,31.000,586364.000,1.000,1.000,31.250,,-0.008951,0.001,0.001,0.001,0.001,0.001
75154,2002/04/05,,12,1,4481,14365810,CCL,CARNIVAL CORP,,CCL,,N,A,R,20394,0,1,4481,14365830,,,,,,,,,44.000,448.000,,,,,,,,,,,,,,,30.750,31.200,31.110,1489000.000,0.003548,31.110,31.130,586364.000,1.000,1.000,31.000,,0.003548,-0.003,-0.003,-0.000,-0.000,-0.003
75154,2002/04/08,,12,1,4481,14365810,CCL,CARNIVAL CORP,,CCL,,N,A,R,20394,0,1,4481,14365830,,,,,,,,,44.000,448.000,,,,,,,,,,,,,,,30.550,31.240,31.190,1643200.000,0.002572,31.070,31.300,586364.000,1.000,1.000,30.990,,0.002572,0.003,0.003,0.003,0.002,0.002
75154,2002/04/09,,12,1,4481,14365810,CCL,CARNIVAL CORP,,CCL,,N,A,R,20394,0,1,4481,14365830,,,,,,,,,44.000,448.000,,,,,,,,,,,,,,,31.550,31.900,31.710,1953300.000,0.016672,31.630,31.860,586364.000,1.000,1.000,31.650,,0.016672,-0.006,-0.006,-0.002,-0.002,-0.007
75154,2002/04/10,,12,1,4481,14365810,CCL,CARNIVAL CORP,,CCL,,N,A,R,20394,0,1,4481,14365830,,,,,,,,,44.000,448.000,,,,,,,,,,,,,,,31.720,32.970,32.970,4568300.000,0.039735,32.850,33.000,586364.000,1.000,1.000,31.960,,0.039735,0.011,0.011,0.009,0.008,0.011
75154,2002/04/11,,12,1,4481,14365810,CCL,CARNIVAL CORP,,CCL,,N,A,R,20394,0,1,4481,14365830,,,,,,,,,44.000,448.000,,,,,,,,,,,,,,,32.230,32.970,32.400,2401800.000,-0.017288,32.400,32.430,586364.000,1.000,1.000,32.970,,-0.017288,-0.021,-0.021,-0.010,-0.010,-0.024
75154,2002/04/12,,12,1,4481,14365810,CCL,CARNIVAL CORP,,CCL,,N,A,R,20394,0,1,4481,14365830,,,,,,,,,44.000,448.000,,,,,,,,,,,,,,,32.200,32.570,32.440,2221700.000,0.001234,32.340,32.560,586364.000,1.000,1.000,32.400,,0.001234,0.008,0.008,0.011,0.011,0.007
75154,2002/04/15,,12,1,4481,14365810,CCL,CARNIVAL CORP,,CCL,,N,A,R,20394,0,1,4481,14365830,,,,,,,,,44.000,448.000,,,,,,,,,,,,,,,32.100,32.740,32.320,1530000.000,-0.003699,32.270,32.480,586364.000,1.000,1.000,32.500,,-0.003699,-0.006,-0.006,-0.001,-0.001,-0.008
75154,2002/04/16,,12,1,4481,14365810,CCL,CARNIVAL CORP,,CCL,,N,A,R,20394,0,1,4481,14365830,,,,,,,,,44.000,448.000,,,,,,,,,,,,,,,32.350,32.780,32.700,1042800.000,0.011757,32.670,32.680,586364.000,1.000,1.000,32.350,,0.011757,0.022,0.022,0.016,0.016,0.023
75154,2002/04/17,,12,1,4481,14365810,CCL,CARNIVAL CORP,,CCL,,N,A,R,20394,0,1,4481,14365830,,,,,,,,,44.000,448.000,,,,,,,,,,,,,,,32.110,32.720,32.670,1384600.000,-0.000918,32.580,32.800,586364.000,1.000,1.000,32.300,,-0.000918,-0.002,-0.002,0.001,0.001,-0.002
75154,2002/04/18,,12,1,4481,14365810,CCL,CARNIVAL CORP,,CCL,,N,A,R,20394,0,1,4481,14365830,,,,,,,,,44.000,448.000,,,,,,,,,,,,,,,31.670,33.000,32.000,1653000.000,-0.020508,31.900,32.170,586364.000,1.000,1.000,32.680,,-0.020508,-0.002,-0.002,0.003,0.003,-0.001
75154,2002/04/19,,12,1,4481,14365810,CCL,CARNIVAL CORP,,CCL,,N,A,R,20394,0,1,4481,14365830,,,,,,,,,44.000,448.000,,,,,,,,,,,,,,,31.790,32.250,32.130,1441500.000,0.004063,32.000,32.230,586364.000,1.000,1.000,32.000,,0.004063,0.001,0.001,0.002,0.002,0.001
75154,2002/04/22,,12,1,4481,14365810,CCL,CARNIVAL CORP,,CCL,,N,A,R,20394,0,1,4481,14365830,,,,,,,,,44.000,448.000,,,,,,,,,,,,,,,31.710,32.240,32.000,856300.000,-0.004046,31.900,32.110,586364.000,1.000,1.000,31.750,,-0.004046,-0.015,-0.015,-0.008,-0.008,-0.015
75154,2002/04/23,,12,1,4481,14365810,CCL,CARNIVAL CORP,,CCL,,N,A,R,20394,0,1,4481,14365830,,,,,,,,,44.000,448.000,,,,,,,,,,,,,,,31.500,32.300,32.300,1269900.000,0.009375,32.180,32.400,586364.000,1.000,1.000,31.990,,0.009375,-0.005,-0.005,-0.001,-0.001,-0.006
75154,2002/04/24,,12,1,4481,14365810,CCL,CARNIVAL CORP,,CCL,,N,A,R,20394,0,1,4481,14365830,,,,,,,,,44.000,448.000,,,,,,,,,,,,,,,32.150,32.930,32.630,1517400.000,0.010217,32.520,32.730,586364.000,1.000,1.000,32.500,,0.010217,-0.006,-0.006,-0.002,-0.002,-0.007
75154,2002/04/25,,12,1,4481,14365810,CCL,CARNIVAL CORP,,CCL,,N,A,R,20394,0,1,4481,14365830,,,,,,,,,44.000,448.000,,,,,,,,,,,,,,,31.960,32.600,32.580,1170000.000,-0.001532,32.470,32.680,586364.000,1.000,1.000,32.380,,-0.001532,-0.002,-0.002,-0.002,-0.002,-0.002
75154,2002/04/26,,12,1,4481,14365810,CCL,CARNIVAL CORP,,CCL,,N,A,R,20394,0,1,4481,14365830,,,,,,,,,44.000,448.000,,,,,,,,,,,,,,,32.090,32.780,32.150,943900.000,-0.013198,32.030,32.260,586364.000,1.000,1.000,32.460,,-0.013198,-0.013,-0.014,-0.009,-0.009,-0.014
75154,2002/04/29,,12,1,4481,14365810,CCL,CARNIVAL CORP,,CCL,,N,A,R,20394,0,1,4481,14365830,,,,,,,,,44.000,448.000,,,,,,,,,,,,,,,32.000,32.380,32.110,1494400.000,-0.001244,32.000,32.190,586364.000,1.000,1.000,32.250,,-0.001244,-0.009,-0.009,-0.006,-0.006,-0.010
75154,2002/04/30,,12,1,4481,14365810,CCL,CARNIVAL CORP,,CCL,,N,A,R,20394,0,1,4481,14365830,,,,,,,,0.000,44.000,448.000,,,,,,,,,,,,,,,32.110,33.480,33.310,2656500.000,0.037372,33.180,33.390,586491.000,1.000,1.000,32.110,,0.037372,0.012,0.012,0.010,0.010,0.011
75154,2002/05/01,,12,1,4481,14365810,CCL,CARNIVAL CORP,,CCL,,N,A,R,20394,0,1,4481,14365830,,,,,,,,,44.000,448.000,,,,,,,,,,,,,,,33.360,34.640,34.580,3191500.000,0.038127,34.470,34.670,586491.000,1.000,1.000,33.500,,0.038127,0.008,0.007,0.001,0.001,0.009
75154,2002/05/02,,12,1,4481,14365810,CCL,CARNIVAL CORP,,CCL,,N,A,R,20394,0,1,4481,14365830,,,,,,,,,44.000,448.000,,,,,,,,,,,,,,,33.450,34.580,33.640,1704500.000,-0.027183,33.600,33.640,586491.000,1.000,1.000,34.580,,-0.027183,-0.002,-0.002,0.000,0.000,-0.002
75154,2002/05/03,,12,1,4481,14365810,CCL,CARNIVAL CORP,,CCL,,N,A,R,20394,0,1,4481,14365830,,,,,,,,,44.000,448.000,,,,,,,,,,,,,,,33.080,33.770,33.350,1215500.000,-0.008621,33.370,33.390,586491.000,1.000,1.000,33.500,,-0.008621,-0.009,-0.009,-0.002,-0.002,-0.010
75154,2002/05/06,,12,1,4481,14365810,CCL,CARNIVAL CORP,,CCL,,N,A,R,20394,0,1,4481,14365830,,,,,,,,,44.000,448.000,,,,,,,,,,,,,,,32.550,33.300,32.550,939500.000,-0.023988,32.550,32.560,586491.000,1.000,1.000,33.010,,-0.023988,-0.018,-0.018,-0.011,-0.011,-0.019
75154,2002/05/07,,12,1,4481,14365810,CCL,CARNIVAL CORP,,CCL,,N,A,R,20394,0,1,4481,14365830,,,,,,,,,44.000,448.000,,,,,,,,,,,,,,,31.400,33.000,31.550,2632700.000,-0.030722,31.550,31.560,586491.000,1.000,1.000,32.650,,-0.030722,-0.004,-0.004,-0.006,-0.006,-0.003
75154,2002/05/08,,12,1,4481,14365810,CCL,CARNIVAL CORP,,CCL,,N,A,R,20394,0,1,4481,14365830,,,,,,,,,44.000,448.000,,,,,,,,,,,,,,,31.790,32.480,31.800,2214300.000,0.007924,31.760,31.890,586491.000,1.000,1.000,31.900,,0.007924,0.034,0.034,0.019,0.019,0.038
75154,2002/05/09,,12,1,4481,14365810,CCL,CARNIVAL CORP,,CCL,,N,A,R,20394,0,1,4481,14365830,,,,,,,,,44.000,448.000,,,,,,,,,,,,,,,31.550,32.300,31.560,1304500.000,-0.007547,31.550,31.560,586491.000,1.000,1.000,31.750,,-0.007547,-0.014,-0.014,-0.008,-0.008,-0.015
75154,2002/05/10,,12,1,4481,14365810,CCL,CARNIVAL CORP,,CCL,,N,A,R,20394,0,1,4481,14365830,,,,,,,,,44.000,448.000,,,,,,,,,,,,,,,30.700,31.570,30.930,1567900.000,-0.019962,30.820,31.020,586491.000,1.000,1.000,31.500,,-0.019962,-0.015,-0.015,-0.008,-0.008,-0.017
75154,2002/05/13,,12,1,4481,14365810,CCL,CARNIVAL CORP,,CCL,,N,A,R,20394,0,1,4481,14365830,,,,,,,,,44.000,448.000,,,,,,,,,,,,,,,30.750,31.930,31.860,1237600.000,0.030068,31.740,31.960,586491.000,1.000,1.000,30.880,,0.030068,0.017,0.017,0.007,0.007,0.019
75154,2002/05/14,,12,1,4481,14365810,CCL,CARNIVAL CORP,,CCL,,N,A,R,20394,0,1,4481,14365830,,,,,,,,,44.000,448.000,,,,,,,,,,,,,,,31.790,32.480,32.350,930400.000,0.015380,32.250,32.490,586491.000,1.000,1.000,32.100,,0.015380,0.021,0.021,0.015,0.015,0.021
75154,2002/05/15,,12,1,4481,14365810,CCL,CARNIVAL CORP,,CCL,,N,A,R,20394,0,1,4481,14365830,,,,,,,,,44.000,448.000,,,,,,,,,,,,,,,31.980,32.750,32.620,1405100.000,0.008346,32.410,32.710,586491.000,1.000,1.000,32.100,,0.008346,-0.003,-0.004,0.001,0.001,-0.006
75154,2002/05/16,,12,1,4481,14365810,CCL,CARNIVAL CORP,,CCL,,N,A,R,20394,0,1,4481,14365830,,,,,,,,,44.000,448.000,,,,,,,,,,,,,,,32.420,33.180,32.910,1080100.000,0.008890,32.790,32.990,586491.000,1.000,1.000,32.480,,0.008890,0.004,0.003,-0.001,-0.001,0.007
75154,2002/05/17,,12,1,4481,14365810,CCL,CARNIVAL CORP,,CCL,,N,A,R,20394,0,1,4481,14365830,,,,,,,,,44.000,448.000,,,,,,,,,,,,,,,32.460,32.900,32.680,869700.000,-0.006989,32.560,32.740,586491.000,1.000,1.000,32.810,,-0.006989,0.007,0.007,0.004,0.004,0.008
75154,2002/05/20,,12,1,4481,14365810,CCL,CARNIVAL CORP,,CCL,,N,A,R,20394,0,1,4481,14365830,,,,,,,,,44.000,448.000,,,,,,,,,,,,,,,31.890,32.450,31.890,1050700.000,-0.024174,31.980,31.990,586491.000,1.000,1.000,32.430,,-0.024174,-0.012,-0.012,-0.006,-0.006,-0.013
75154,2002/05/21,,12,1,4481,14365810,CCL,CARNIVAL CORP,,CCL,,N,A,R,20394,0,1,4481,14365830,,,,,,,,,44.000,448.000,,,,,,,,,,,,,,,31.800,32.500,31.810,1316600.000,-0.002509,31.800,31.820,586491.000,1.000,1.000,32.400,,-0.002509,-0.011,-0.011,-0.009,-0.009,-0.011
75154,2002/05/22,,12,1,4481,14365810,CCL,CARNIVAL CORP,,CCL,,N,A,R,20394,0,1,4481,14365830,,,,,,,,,44.000,448.000,,,,,,,,,,,,,,,30.900,31.740,31.350,1525300.000,-0.014461,31.200,31.300,586491.000,1.000,1.000,31.740,,-0.014461,0.004,0.004,-0.002,-0.002,0.006
75154,2002/05/23,,12,1,4481,14365810,CCL,CARNIVAL CORP,,CCL,,N,A,R,20394,0,1,4481,14365830,,,,,,,,,44.000,448.000,,,,,,,,,,,,,,,30.850,31.490,31.280,1278000.000,-0.002233,31.300,31.310,586491.000,1.000,1.000,31.250,,-0.002233,0.010,0.010,0.007,0.007,0.010
75154,2002/05/24,,12,1,4481,14365810,CCL,CARNIVAL CORP,,CCL,,N,A,R,20394,0,1,4481,14365830,,,,,,,,,44.000,448.000,,,,,,,,,,,,,,,30.950,31.500,30.950,907500.000,-0.010550,30.910,31.140,586491.000,1.000,1.000,31.200,,-0.010550,-0.011,-0.011,-0.005,-0.005,-0.012
75154,2002/05/28,,12,1,4481,14365810,CCL,CARNIVAL CORP,,CCL,,N,A,R,20394,0,1,4481,14365830,,,,,,,,,44.000,448.000,,,,,,,,,,,,,,,30.670,31.300,30.760,692900.000,-0.006139,30.660,30.970,586491.000,1.000,1.000,31.300,,-0.006139,-0.007,-0.007,-0.002,-0.002,-0.009
75154,2002/05/29,,12,1,4481,14365810,CCL,CARNIVAL CORP,,CCL,,N,A,R,20394,0,1,4481,14365830,2002/04/22,,,,,2002/06/14,2002/05/31,0.000,44.000,448.000,1232.000,0.105,0.000,0.000,,,,,,,,,,,30.500,30.910,30.610,1326400.000,-0.001463,30.600,30.700,586491.000,1.000,1.000,30.700,,-0.004876,-0.007,-0.007,-0.006,-0.006,-0.006
75154,2002/05/30,,12,1,4481,14365810,CCL,CARNIVAL CORP,,CCL,,N,A,R,20394,0,1,4481,14365830,,,,,,,,,44.000,448.000,,,,,,,,,,,,,,,29.810,30.750,30.130,1560600.000,-0.015681,30.160,30.170,586491.000,1.000,1.000,30.500,,-0.015681,-0.002,-0.002,-0.001,-0.001,-0.003
75154,2002/05/31,,12,1,4481,14365810,CCL,CARNIVAL CORP,,CCL,,N,A,R,20394,0,1,4481,14365830,,,,,,,,0.000,44.000,448.000,,,,,,,,,,,,,,,30.350,30.870,30.400,1538700.000,0.008961,30.390,30.590,586491.000,1.000,1.000,30.400,,0.008961,0.002,0.002,0.003,0.003,0.002
75154,2002/06/03,,12,1,4481,14365810,CCL,CARNIVAL CORP,,CCL,,N,A,R,20394,0,1,4481,14365830,,,,,,,,,44.000,448.000,,,,,,,,,,,,,,,29.340,30.900,29.350,1401000.000,-0.034539,29.240,29.350,586491.000,1.000,1.000,30.650,,-0.034539,-0.024,-0.024,-0.018,-0.018,-0.025
75154,2002/06/04,,12,1,4481,14365810,CCL,CARNIVAL CORP,,CCL,,N,A,R,20394,0,1,4481,14365830,,,,,,,,,44.000,448.000,,,,,,,,,,,,,,,29.270,29.870,29.400,1444600.000,0.001704,29.270,29.480,586491.000,1.000,1.000,29.400,,0.001704,-0.001,-0.001,-0.004,-0.004,0.000
75154,2002/06/05,,12,1,4481,14365810,CCL,CARNIVAL CORP,,CCL,,N,A,R,20394,0,1,4481,14365830,,,,,,,,,44.000,448.000,,,,,,,,,,,,,,,29.270,29.810,29.660,900000.000,0.008844,29.700,29.710,586491.000,1.000,1.000,29.400,,0.008844,0.008,0.007,0.000,0.000,0.009
75154,2002/06/06,,12,1,4481,14365810,CCL,CARNIVAL CORP,,CCL,,N,A,R,20394,0,1,4481,14365830,,,,,,,,,44.000,448.000,,,,,,,,,,,,,,,29.140,29.800,29.270,1428300.000,-0.013149,29.270,29.280,586491.000,1.000,1.000,29.550,,-0.013149,-0.018,-0.018,-0.015,-0.015,-0.020
75154,2002/06/07,,12,1,4481,14365810,CCL,CARNIVAL CORP,,CCL,,N,A,R,20394,0,1,4481,14365830,,,,,,,,,44.000,448.000,,,,,,,,,,,,,,,29.020,29.730,29.530,944000.000,0.008883,29.400,29.590,586491.000,1.000,1.000,29.280,,0.008883,-0.000,-0.000,0.002,0.002,-0.002
75154,2002/06/10,,12,1,4481,14365810,CCL,CARNIVAL CORP,,CCL,,N,A,R,20394,0,1,4481,14365830,,,,,,,,,44.000,448.000,,,,,,,,,,,,,,,29.690,30.250,29.850,1032200.000,0.010836,29.850,29.880,586491.000,1.000,1.000,29.750,,0.010836,0.002,0.002,-0.003,-0.003,0.003
75154,2002/06/11,,12,1,4481,14365810,CCL,CARNIVAL CORP,,CCL,,N,A,R,20394,0,1,4481,14365830,,,,,,,,,44.000,448.000,,,,,,,,,,,,,,,29.390,30.470,29.440,1317600.000,-0.013735,29.440,29.470,586491.000,1.000,1.000,29.900,,-0.013735,-0.016,-0.016,-0.009,-0.009,-0.017
75154,2002/06/12,,12,1,4481,14365810,CCL,CARNIVAL CORP,,CCL,,N,A,R,20394,0,1,4481,14365830,,,,,,,,,44.000,448.000,,,,,,,,,,,,,,,28.760,29.680,28.950,1731500.000,-0.016644,28.780,28.950,586491.000,1.000,1.000,29.570,,-0.016644,0.005,0.004,-0.004,-0.005,0.007
75154,2002/06/13,,12,1,4481,14365810,CCL,CARNIVAL CORP,,CCL,,N,A,R,20394,0,1,4481,14365830,,,,,,,,,44.000,448.000,,,,,,,,,,,,,,,28.660,29.050,28.830,820100.000,-0.004145,28.710,28.760,586491.000,1.000,1.000,28.950,,-0.004145,-0.010,-0.010,-0.007,-0.007,-0.010
75154,2002/06/14,,12,1,4481,14365810,CCL,CARNIVAL CORP,,CCL,,N,A,R,20394,0,1,4481,14365830,,,,,,,,,44.000,448.000,,,,,,,,,,,,,,,28.000,28.800,28.450,1611300.000,-0.013181,28.400,28.550,586491.000,1.000,1.000,28.800,,-0.013181,-0.001,-0.001,0.000,0.000,-0.002
75154,2002/06/17,,12,1,4481,14365810,CCL,CARNIVAL CORP,,CCL,,N,A,R,20394,0,1,4481,14365830,,,,,,,,,44.000,448.000,,,,,,,,,,,,,,,28.710,29.300,29.190,1879300.000,0.026011,29.170,29.180,586491.000,1.000,1.000,28.750,,0.026011,0.027,0.027,0.015,0.015,0.029
75154,2002/06/18,,12,1,4481,14365810,CCL,CARNIVAL CORP,,CCL,,N,A,R,20394,0,1,4481,14365830,,,,,,,,,44.000,448.000,,,,,,,,,,,,,,,29.050,29.350,29.080,2184400.000,-0.003768,29.040,29.190,586491.000,1.000,1.000,29.210,,-0.003768,0.000,0.000,-0.000,-0.001,0.001
75154,2002/06/19,,12,1,4481,14365810,CCL,CARNIVAL CORP,,CCL,,N,A,R,20394,0,1,4481,14365830,,,,,,,,,44.000,448.000,,,,,,,,,,,,,,,28.830,29.850,29.440,2501600.000,0.012380,29.440,29.450,586491.000,1.000,1.000,28.900,,0.012380,-0.016,-0.016,-0.014,-0.015,-0.017
75154,2002/06/20,,12,1,4481,14365810,CCL,CARNIVAL CORP,,CCL,,N,A,R,20394,0,1,4481,14365830,,,,,,,,,44.000,448.000,,,,,,,,,,,,,,,29.110,29.870,29.200,1782500.000,-0.008152,29.190,29.230,586491.000,1.000,1.000,29.500,,-0.008152,-0.013,-0.013,-0.004,-0.004,-0.013
75154,2002/06/21,,12,1,4481,14365810,CCL,CARNIVAL CORP,,CCL,,N,A,R,20394,0,1,4481,14365830,,,,,,,,,44.000,448.000,,,,,,,,,,,,,,,28.200,29.420,29.010,2776700.000,-0.006507,29.000,29.010,586491.000,1.000,1.000,28.200,,-0.006507,-0.014,-0.014,-0.002,-0.002,-0.017
75154,2002/06/24,,12,1,4481,14365810,CCL,CARNIVAL CORP,,CCL,,N,A,R,20394,0,1,4481,14365830,,,,,,,,,44.000,448.000,,,,,,,,,,,,,,,28.150,29.120,28.500,1724200.000,-0.017580,28.370,28.610,586491.000,1.000,1.000,29.100,,-0.017580,0.001,0.001,-0.005,-0.005,0.004
75154,2002/06/25,,12,1,4481,14365810,CCL,CARNIVAL CORP,,CCL,,N,A,R,20394,0,1,4481,14365830,,,,,,,,,44.000,448.000,,,,,,,,,,,,,,,27.850,28.860,27.860,2267200.000,-0.022456,27.790,28.030,586491.000,1.000,1.000,28.500,,-0.022456,-0.015,-0.015,-0.008,-0.008,-0.017
75154,2002/06/26,,12,1,4481,14365810,CCL,CARNIVAL CORP,,CCL,,N,A,R,20394,0,1,4481,14365830,,,,,,,,,44.000,448.000,,,,,,,,,,,,,,,26.910,27.940,27.450,1797200.000,-0.014716,27.340,27.560,586491.000,1.000,1.000,27.810,,-0.014716,-0.003,-0.004,-0.008,-0.009,-0.003
75154,2002/06/27,,12,1,4481,14365810,CCL,CARNIVAL CORP,,CCL,,N,A,R,20394,0,1,4481,14365830,,,,,,,,,44.000,448.000,,,,,,,,,,,,,,,26.930,27.990,27.700,3702500.000,0.009107,27.660,27.980,586491.000,1.000,1.000,27.650,,0.009107,0.016,0.016,0.012,0.011,0.018
75154,2002/06/28,,12,1,4481,14365810,CCL,CARNIVAL CORP,,CCL,,N,A,R,20394,0,1,4481,14365830,,,,,,,,0.000,44.000,448.000,,,,,,,,,,,,,,,27.600,28.000,27.690,2342300.000,-0.000361,27.550,27.740,586492.000,1.000,1.000,27.750,,-0.000361,0.002,0.002,0.012,0.012,-0.001
75154,2002/07/01,,12,1,4481,14365810,CCL,CARNIVAL CORP,,CCL,,N,A,R,20394,0,1,4481,14365830,,,,,,,,,44.000,448.000,,,,,,,,,,,,,,,27.100,27.810,27.110,1924600.000,-0.020946,27.100,27.110,586492.000,1.000,1.000,27.600,,-0.020946,-0.022,-0.022,-0.019,-0.019,-0.021
75154,2002/07/02,,12,1,4481,14365810,CCL,CARNIVAL CORP,,CCL,,N,A,R,20394,0,1,4481,14365830,,,,,,,,,44.000,448.000,,,,,,,,,,,,,,,26.200,27.110,26.720,1332400.000,-0.014386,26.680,26.770,586492.000,1.000,1.000,27.110,,-0.014386,-0.022,-0.023,-0.023,-0.023,-0.021
75154,2002/07/03,,12,1,4481,14365810,CCL,CARNIVAL CORP,,CCL,,N,A,R,20394,0,1,4481,14365830,,,,,,,,,44.000,448.000,,,,,,,,,,,,,,,26.550,27.460,27.150,1544700.000,0.016093,27.080,27.320,586492.000,1.000,1.000,26.720,,0.016093,0.004,0.004,-0.005,-0.005,0.006
75154,2002/07/05,,12,1,4481,14365810,CCL,CARNIVAL CORP,,CCL,,N,A,R,20394,0,1,4481,14365830,,,,,,,,,44.000,448.000,,,,,,,,,,,,,,,27.300,28.290,28.220,745000.000,0.039411,28.080,28.290,586492.000,1.000,1.000,27.400,,0.039411,0.034,0.034,0.022,0.022,0.037
75154,2002/07/08,,12,1,4481,14365810,CCL,CARNIVAL CORP,,CCL,,N,A,R,20394,0,1,4481,14365830,,,,,,,,,44.000,448.000,,,,,,,,,,,,,,,27.960,28.450,28.150,2018500.000,-0.002480,28.060,28.270,586492.000,1.000,1.000,28.300,,-0.002480,-0.011,-0.012,-0.008,-0.008,-0.012
75154,2002/07/09,,12,1,4481,14365810,CCL,CARNIVAL CORP,,CCL,,N,A,R,20394,0,1,4481,14365830,,,,,,,,,44.000,448.000,,,,,,,,,,,,,,,27.750,28.640,27.880,1969400.000,-0.009591,27.800,28.010,586492.000,1.000,1.000,27.900,,-0.009591,-0.022,-0.022,-0.007,-0.007,-0.025
75154,2002/07/10,,12,1,4481,14365810,CCL,CARNIVAL CORP,,CCL,,N,A,R,20394,0,1,4481,14365830,,,,,,,,,44.000,448.000,,,,,,,,,,,,,,,26.700,28.150,26.700,2612100.000,-0.042324,26.630,26.840,586492.000,1.000,1.000,28.130,,-0.042324,-0.030,-0.030,-0.016,-0.016,-0.034
75154,2002/07/11,,12,1,4481,14365810,CCL,CARNIVAL CORP,,CCL,,N,A,R,20394,0,1,4481,14365830,,,,,,,,,44.000,448.000,,,,,,,,,,,,,,,26.210,27.140,27.020,1982300.000,0.011985,26.870,27.080,586492.000,1.000,1.000,26.600,,0.011985,0.005,0.005,-0.004,-0.004,0.007
75154,2002/07/12,,12,1,4481,14365810,CCL,CARNIVAL CORP,,CCL,,N,A,R,20394,0,1,4481,14365830,,,,,,,,,44.000,448.000,,,,,,,,,,,,,,,26.800,27.710,27.130,1734800.000,0.004071,27.050,27.350,586492.000,1.000,1.000,26.950,,0.004071,-0.006,-0.006,-0.002,-0.002,-0.006
75154,2002/07/15,,12,1,4481,14365810,CCL,CARNIVAL CORP,,CCL,,N,A,R,20394,0,1,4481,14365830,,,,,,,,,44.000,448.000,,,,,,,,,,,,,,,25.500,27.000,26.410,2583400.000,-0.026539,26.300,26.540,586492.000,1.000,1.000,26.900,,-0.026539,-0.005,-0.005,-0.010,-0.010,-0.004
75154,2002/07/16,,12,1,4481,14365810,CCL,CARNIVAL CORP,,CCL,,N,A,R,20394,0,1,4481,14365830,,,,,,,,,44.000,448.000,,,,,,,,,,,,,,,25.740,26.880,26.300,2094900.000,-0.004165,26.160,26.400,586492.000,1.000,1.000,26.420,,-0.004165,-0.014,-0.014,-0.000,-0.000,-0.018
75154,2002/07/17,,12,1,4481,14365810,CCL,CARNIVAL CORP,,CCL,,N,A,R,20394,0,1,4481,14365830,,,,,,,,,44.000,448.000,,,,,,,,,,,,,,,26.000,27.450,26.290,1623600.000,-0.000380,26.180,26.400,586492.000,1.000,1.000,27.250,,-0.000380,0.006,0.006,0.005,0.005,0.006
75154,2002/07/18,,12,1,4481,14365810,CCL,CARNIVAL CORP,,CCL,,N,A,R,20394,0,1,4481,14365830,,,,,,,,,44.000,448.000,,,,,,,,,,,,,,,26.200,26.840,26.210,1781700.000,-0.003043,26.090,26.310,586492.000,1.000,1.000,26.280,,-0.003043,-0.025,-0.025,-0.014,-0.014,-0.027
75154,2002/07/19,,12,1,4481,14365810,CCL,CARNIVAL CORP,,CCL,,N,A,R,20394,0,1,4481,14365830,,,,,,,,,44.000,448.000,,,,,,,,,,,,,,,25.170,26.200,25.220,1754500.000,-0.037772,25.080,25.320,586492.000,1.000,1.000,26.200,,-0.037772,-0.033,-0.033,-0.019,-0.019,-0.038
75154,2002/07/22,,12,1,4481,14365810,CCL,CARNIVAL CORP,,CCL,,N,A,R,20394,0,1,4481,14365830,,,,,,,,,44.000,448.000,,,,,,,,,,,,,,,23.700,25.250,24.100,2937200.000,-0.044409,24.010,24.220,586492.000,1.000,1.000,25.210,,-0.044409,-0.032,-0.032,-0.021,-0.021,-0.033
75154,2002/07/23,,12,1,4481,14365810,CCL,CARNIVAL CORP,,CCL,,N,A,R,20394,0,1,4481,14365830,,,,,,,,,44.000,448.000,,,,,,,,,,,,,,,23.400,24.600,23.610,2599600.000,-0.020332,23.500,23.710,586492.000,1.000,1.000,24.000,,-0.020332,-0.030,-0.030,-0.031,-0.031,-0.027
75154,2002/07/24,,12,1,4481,14365810,CCL,CARNIVAL CORP,,CCL,,N,A,R,20394,0,1,4481,14365830,,,,,,,,,44.000,448.000,,,,,,,,,,,,,,,22.810,25.540,25.500,4328400.000,0.080051,25.400,25.610,586492.000,1.000,1.000,23.250,,0.080051,0.052,0.052,0.018,0.018,0.057
75154,2002/07/25,,12,1,4481,14365810,CCL,CARNIVAL CORP,,CCL,,N,A,R,20394,0,1,4481,14365830,,,,,,,,,44.000,448.000,,,,,,,,,,,,,,,24.270,25.800,25.150,2467800.000,-0.013726,24.850,25.210,586492.000,1.000,1.000,25.250,,-0.013726,-0.006,-0.006,-0.003,-0.003,-0.006
75154,2002/07/26,,12,1,4481,14365810,CCL,CARNIVAL CORP,,CCL,,N,A,R,20394,0,1,4481,14365830,,,,,,,,,44.000,448.000,,,,,,,,,,,,,,,24.800,25.780,25.030,1915800.000,-0.004771,24.890,25.170,586492.000,1.000,1.000,25.100,,-0.004771,0.015,0.015,0.007,0.007,0.017
75154,2002/07/29,,12,1,4481,14365810,CCL,CARNIVAL CORP,,CCL,,N,A,R,20394,0,1,4481,14365830,,,,,,,,,44.000,448.000,,,,,,,,,,,,,,,25.400,26.950,26.750,1607400.000,0.068718,26.470,27.000,586492.000,1.000,1.000,25.500,,0.068718,0.053,0.053,0.035,0.035,0.054
75154,2002/07/30,,12,1,4481,14365810,CCL,CARNIVAL CORP,,CCL,,N,A,R,20394,0,1,4481,14365830,,,,,,,,,44.000,448.000,,,,,,,,,,,,,,,26.220,27.240,26.850,1564300.000,0.003738,26.720,26.950,586492.000,1.000,1.000,26.750,,0.003738,0.005,0.005,0.005,0.005,0.004
75154,2002/07/31,,12,1,4481,14365810,CCL,CARNIVAL CORP,,CCL,,N,A,R,20394,0,1,4481,14365830,,,,,,,,0.000,44.000,448.000,,,,,,,,,,,,,,,26.000,27.090,26.500,2035300.000,-0.013035,26.310,26.600,586669.000,1.000,1.000,26.850,,-0.013035,0.006,0.005,-0.004,-0.004,0.010
75154,2002/08/01,,12,1,4481,14365810,CCL,CARNIVAL CORP,,CCL,,N,A,R,20394,0,1,4481,14365830,,,,,,,,,44.000,448.000,,,,,,,,,,,,,,,25.660,26.600,25.700,1732700.000,-0.030189,25.670,25.700,586669.000,1.000,1.000,26.300,,-0.030189,-0.026,-0.026,-0.009,-0.009,-0.030
75154,2002/08/02,,12,1,4481,14365810,CCL,CARNIVAL CORP,,CCL,,N,A,R,20394,0,1,4481,14365830,,,,,,,,,44.000,448.000,,,,,,,,,,,,,,,23.850,25.700,23.940,3079500.000,-0.068482,23.790,24.050,586669.000,1.000,1.000,25.700,,-0.068482,-0.023,-0.023,-0.018,-0.018,-0.023
75154,2002/08/05,,12,1,4481,14365810,CCL,CARNIVAL CORP,,CCL,,N,A,R,20394,0,1,4481,14365830,,,,,,,,,44.000,448.000,,,,,,,,,,,,,,,23.280,24.100,23.490,2126500.000,-0.018797,23.240,23.530,586669.000,1.000,1.000,23.940,,-0.018797,-0.033,-0.033,-0.021,-0.021,-0.034
75154,2002/08/06,,12,1,4481,14365810,CCL,CARNIVAL CORP,,CCL,,N,A,R,20394,0,1,4481,14365830,,,,,,,,,44.000,448.000,,,,,,,,,,,,,,,23.860,24.650,24.320,1595500.000,0.035334,24.220,24.460,586669.000,1.000,1.000,24.000,,0.035334,0.030,0.030,0.022,0.022,0.030
75154,2002/08/07,,12,1,4481,14365810,CCL,CARNIVAL CORP,,CCL,,N,A,R,20394,0,1,4481,14365830,,,,,,,,,44.000,448.000,,,,,,,,,,,,,,,23.720,24.800,24.440,1298200.000,0.004934,24.340,24.560,586669.000,1.000,1.000,24.800,,0.004934,0.017,0.017,0.004,0.004,0.020
75154,2002/08/08,,12,1,4481,14365810,CCL,CARNIVAL CORP,,CCL,,N,A,R,20394,0,1,4481,14365830,,,,,,,,,44.000,448.000,,,,,,,,,,,,,,,24.000,25.450,25.240,1604900.000,0.032733,25.230,25.360,586669.000,1.000,1.000,24.340,,0.032733,0.029,0.029,0.011,0.011,0.033
75154,2002/08/09,,12,1,4481,14365810,CCL,CARNIVAL CORP,,CCL,,N,A,R,20394,0,1,4481,14365830,,,,,,,,,44.000,448.000,,,,,,,,,,,,,,,24.700,25.480,24.950,1369600.000,-0.011490,24.850,25.130,586669.000,1.000,1.000,25.300,,-0.011490,0.003,0.003,0.002,0.002,0.004
75154,2002/08/12,,12,1,4481,14365810,CCL,CARNIVAL CORP,,CCL,,N,A,R,20394,0,1,4481,14365830,,,,,,,,,44.000,448.000,,,,,,,,,,,,,,,24.450,25.300,25.300,1134700.000,0.014028,25.050,25.310,586669.000,1.000,1.000,24.700,,0.014028,-0.004,-0.004,0.000,0.000,-0.005
75154,2002/08/13,,12,1,4481,14365810,CCL,CARNIVAL CORP,,CCL,,N,A,R,20394,0,1,4481,14365830,,,,,,,,,44.000,448.000,,,,,,,,,,,,,,,24.510,25.400,24.510,1538900.000,-0.031225,24.500,24.610,586669.000,1.000,1.000,25.050,,-0.031225,-0.020,-0.020,-0.012,-0.012,-0.022
75154,2002/08/14,,12,1,4481,14365810,CCL,CARNIVAL CORP,,CCL,,N,A,R,20394,0,1,4481,14365830,,,,,,,,,44.000,448.000,,,,,,,,,,,,,,,23.800,25.150,24.960,2265300.000,0.018360,24.900,24.960,586669.000,1.000,1.000,24.510,,0.018360,0.035,0.035,0.016,0.016,0.040
