PERMNO,date,NAMEENDT,SHRCD,EXCHCD,SICCD,NCUSIP,TICKER,COMNAM,SHRCLS,TSYMBOL,NAICS,PRIMEXCH,TRDSTAT,SECSTAT,PERMCO,ISSUNO,HEXCD,HSICCD,CUSIP,DCLRDT,DLAMT,DLPDT,DLSTCD,NEXTDT,PAYDT,RCRDDT,SHRFLG,HSICMG,HSICIG,DISTCD,DIVAMT,FACPR,FACSHR,ACPERM,ACCOMP,NWPERM,DLRETX,DLPRC,DLRET,TRTSCD,NMSIND,MMCNT,NSDINX,BIDLO,ASKHI,PRC,VOL,RET,BID,ASK,SHROUT,CFACPR,CFACSHR,OPENPRC,NUMTRD,RETX,vwretd,vwretx,ewretd,ewretx,sprtrn
25487,2001/01/02,,11,1,7299,15131310,CD,CENDANT CORP,,,,N,A,R,6391,53938,3,6531,05377410,,,,,,,,,,,,,,,,,,,,,,,,,9.625,10.000,9.625,2903900.000,0.000000,9.500,9.750,728704.000,0.659,0.100,9.750,,0.000000,-0.034,-0.034,-0.001,-0.001,-0.028
25487,2001/01/03,,11,1,7299,15131310,CD,CENDANT CORP,,,,N,A,R,6391,53938,3,6531,05377410,,,,,,,,,,,,,,,,,,,,,,,,,9.812,11.562,11.312,10060800.000,0.175325,11.188,11.438,728704.000,0.659,0.100,9.812,,0.175325,0.053,0.053,0.046,0.046,0.050
25487,2001/01/04,,11,1,7299,15131310,CD,CENDANT CORP,,,,N,A,R,6391,53938,3,6531,05377410,,,,,,,,,,,,,,,,,,,,,,,,,11.000,11.812,11.312,7668600.000,0.000000,11.188,11.875,728704.000,0.659,0.100,11.250,,0.000000,-0.012,-0.012,0.011,0.011,-0.011
25487,2001/01/05,,11,1,7299,15131310,CD,CENDANT CORP,,,,N,A,R,6391,53938,3,6531,05377410,,,,,,,,,,,,,,,,,,,,,,,,,10.875,11.688,11.250,4994200.000,-0.005525,11.125,11.375,728704.000,0.659,0.100,11.625,,-0.005525,-0.029,-0.029,-0.009,-0.009,-0.026
25487,2001/01/08,,11,1,7299,15131310,CD,CENDANT CORP,,,,N,A,R,6391,53938,3,6531,05377410,,,,,,,,,,,,,,,,,,,,,,,,,10.875,11.625,11.000,5183500.000,-0.022222,10.875,11.250,728704.000,0.659,0.100,11.312,,-0.022222,-0.003,-0.004,-0.005,-0.005,-0.002
25487,2001/01/09,,11,1,7299,15131310,CD,CENDANT CORP,,,,N,A,R,6391,53938,3,6531,05377410,,,,,,,,,,,,,,,,,,,,,,,,,11.000,11.375,11.188,4338600.000,0.017045,11.062,11.312,728704.000,0.659,0.100,11.062,,0.017045,0.005,0.005,0.012,0.012,0.004
25487,2001/01/10,,11,1,7299,15131310,CD,CENDANT CORP,,,,N,A,R,6391,53938,3,6531,05377410,,,,,,,,,,,,,,,,,,,,,,,,,11.125,11.688,11.625,3079000.000,0.039106,11.500,11.750,728704.000,0.659,0.100,11.250,,0.039106,0.014,0.014,0.021,0.020,0.010
25487,2001/01/11,,11,1,7299,15131310,CD,CENDANT CORP,,,,N,A,R,6391,53938,3,6531,05377410,,,,,,,,,,,,,,,,,,,,,,,,,11.375,11.938,11.875,2861700.000,0.021505,11.750,12.000,728704.000,0.659,0.100,11.438,,0.021505,0.015,0.015,0.027,0.027,0.010
25487,2001/01/12,,11,1,7299,15131310,CD,CENDANT CORP,,,,N,A,R,6391,53938,3,6531,05377410,,,,,,,,,,,,,,,,,,,,,,,,,11.750,12.500,12.500,4867000.000,0.052632,12.375,12.625,728704.000,0.659,0.100,11.875,,0.052632,-0.004,-0.004,0.019,0.019,-0.006
25487,2001/01/16,,11,1,7299,15131310,CD,CENDANT CORP,,,,N,A,R,6391,53938,3,6531,05377410,,,,,,,,,,,,,,,,,,,,,,,,,12.062,12.438,12.375,2301800.000,-0.010000,12.250,12.500,728704.000,0.659,0.100,12.312,,-0.010000,0.006,0.006,0.019,0.019,0.006
25487,2001/01/17,,11,1,7299,15131310,CD,CENDANT CORP,,,,N,A,R,6391,53938,3,6531,05377410,,,,,,,,,,,,,,,,,,,,,,,,,12.312,12.938,12.812,4810500.000,0.035354,12.688,12.938,728704.000,0.659,0.100,12.375,,0.035354,0.004,0.004,0.013,0.013,0.002
25487,2001/01/18,,11,1,7299,15131310,CD,CENDANT CORP,,,,N,A,R,6391,53938,3,6531,05377410,,,,,,,,,,,,,,,,,,,,,,,,,12.438,14.000,13.375,8923000.000,0.043902,13.250,13.500,728704.000,0.659,0.100,12.438,,0.043902,0.012,0.012,0.009,0.008,0.014
25487,2001/01/19,,11,1,7299,15131310,CD,CENDANT CORP,,,,N,A,R,6391,53938,3,6531,05377410,,,,,,,,,,,,,,,,,,,,,,,,,12.812,13.375,13.062,4896700.000,-0.023364,12.688,13.188,728704.000,0.659,0.100,13.312,,-0.023364,-0.004,-0.004,0.004,0.004,-0.004
25487,2001/01/22,,11,1,7299,15131310,CD,CENDANT CORP,,,,N,A,R,6391,53938,3,6531,05377410,,,,,,,,,,,,,,,,,,,,,,,,,12.562,13.125,12.875,3125900.000,-0.014354,,,728704.000,0.659,0.100,12.875,,-0.014354,0.000,0.000,0.005,0.005,0.000
25487,2001/01/23,,11,1,7299,15131310,CD,CENDANT CORP,,,,N,A,R,6391,53938,3,6531,05377410,,,,,,,,,,,,,,,,,,,,,,,,,12.812,13.250,13.188,3241100.000,0.024272,13.062,13.312,728704.000,0.659,0.100,12.875,,0.024272,0.016,0.016,0.015,0.015,0.013
25487,2001/01/24,,11,1,7299,15131310,CD,CENDANT CORP,,,,N,A,R,6391,53938,3,6531,05377410,,,,,,,,,,,,,,,,,,,,,,,,,13.125,13.625,13.250,4499300.000,0.004739,13.125,13.375,728704.000,0.659,0.100,13.250,,0.004739,0.003,0.003,0.007,0.007,0.003
25487,2001/01/25,,11,1,7299,15131310,CD,CENDANT CORP,,,,N,A,R,6391,53938,3,6531,05377410,,,,,,,,,,,,,,,,,,,,,,,,,12.875,13.688,13.000,4230200.000,-0.018868,12.500,13.125,728704.000,0.659,0.100,13.375,,-0.018868,-0.008,-0.008,-0.003,-0.003,-0.005
25487,2001/01/26,,11,1,7299,15131310,CD,CENDANT CORP,,,,N,A,R,6391,53938,3,6531,05377410,,,,,,,,,,,,,,,,,,,,,,,,,12.625,13.000,12.625,2989500.000,-0.028846,12.500,12.750,728704.000,0.659,0.100,12.938,,-0.028846,-0.001,-0.001,0.002,0.002,-0.002
25487,2001/01/29,,11,1,7299,15131310,CD,CENDANT CORP,,,,N,A,R,6391,53938,3,6531,05377410,,,,,,,,,,,,,,,,,,,,,,,,,12.540,13.100,12.860,3046100.000,0.018614,12.740,12.990,728704.000,0.659,0.100,12.630,,0.018614,0.009,0.009,0.010,0.010,0.007
25487,2001/01/30,,11,1,7299,15131310,CD,CENDANT CORP,,,,N,A,R,6391,53938,3,6531,05377410,,,,,,,,,,,,,,,,,,,,,,,,,12.870,13.190,13.000,3555700.000,0.010886,12.880,13.130,728704.000,0.659,0.100,12.900,,0.010886,0.007,0.007,0.010,0.009,0.007
25487,2001/01/31,,11,1,7299,15131310,CD,CENDANT CORP,,,,N,A,R,6391,53938,3,6531,05377410,,,,,,,,0.000,,,,,,,,,,,,,5.000,2.000,14.000,1.000,12.770,13.080,12.810,2216900.000,-0.014615,12.690,12.940,728704.000,0.659,0.100,13.000,,-0.014615,-0.007,-0.007,-0.000,-0.000,-0.006
25487,2001/02/01,,11,1,7299,15131310,CD,CENDANT CORP,,,,N,A,R,6391,53938,3,6531,05377410,,,,,,,,,,,,,,,,,,,,,,,,,12.810,13.490,13.300,4796600.000,0.038251,13.180,13.430,728704.000,0.659,0.100,12.810,,0.038251,0.004,0.004,0.002,0.002,0.005
25487,2001/02/02,,11,1,7299,15131310,CD,CENDANT CORP,,,,N,A,R,6391,53938,3,6531,05377410,,,,,,,,,,,,,,,,,,,,,,,,,12.260,13.440,13.180,3341300.000,-0.009023,13.060,13.310,728704.000,0.659,0.100,13.300,,-0.009023,-0.019,-0.019,-0.009,-0.009,-0.017
25487,2001/02/05,,11,1,7299,15131310,CD,CENDANT CORP,,,,N,A,R,6391,53938,3,6531,05377410,,,,,,,,,,,,,,,,,,,,,,,,,13.010,13.350,13.280,4457300.000,0.007587,13.160,13.410,728704.000,0.659,0.100,13.150,,0.007587,0.002,0.002,-0.004,-0.004,0.004
25487,2001/02/06,,11,1,7299,15131310,CD,CENDANT CORP,,,,N,A,R,6391,53938,3,6531,05377410,,,,,,,,,,,,,,,,,,,,,,,,,13.150,13.330,13.200,4155000.000,-0.006024,13.080,13.330,728704.000,0.659,0.100,13.280,,-0.006024,0.000,0.000,0.002,0.002,-0.002
25487,2001/02/07,,11,1,7299,15131310,CD,CENDANT CORP,,,,N,A,R,6391,53938,3,6531,05377410,,,,,,,,,,,,,,,,,,,,,,,,,13.500,14.100,13.800,13002500.000,0.045455,13.000,13.750,728704.000,0.659,0.100,14.000,,0.045455,-0.009,-0.009,-0.004,-0.004,-0.008
25487,2001/02/08,,11,1,7299,15131310,CD,CENDANT CORP,,,,N,A,R,6391,53938,3,6531,05377410,,,,,,,,,,,,,,,,,,,,,,,,,13.250,13.500,13.310,37420700.000,-0.035507,13.190,13.440,728704.000,0.659,0.100,13.300,,-0.035507,-0.006,-0.007,-0.003,-0.003,-0.006
25487,2001/02/09,,11,1,7299,15131310,CD,CENDANT CORP,,,,N,A,R,6391,53938,3,6531,05377410,,,,,,,,,,,,,,,,,,,,,,,,,12.970,13.370,13.190,9495200.000,-0.009016,13.000,13.350,728704.000,0.659,0.100,13.310,,-0.009016,-0.014,-0.014,-0.009,-0.009,-0.013
25487,2001/02/12,,11,1,7299,15131310,CD,CENDANT CORP,,,,N,A,R,6391,53938,3,6531,05377410,,,,,,,,,,,,,,,,,,,,,,,,,13.150,13.450,13.450,5893500.000,0.019712,13.330,13.580,728704.000,0.659,0.100,13.190,,0.019712,0.010,0.010,0.005,0.005,0.012
25487,2001/02/13,,11,1,7299,15131310,CD,CENDANT CORP,,,,N,A,R,6391,53938,3,6531,05377410,,,,,,,,,,,,,,,,,,,,,,,,,13.490,13.730,13.590,10075900.000,0.010409,13.450,13.750,728704.000,0.659,0.100,13.550,,0.010409,-0.009,-0.009,-0.003,-0.004,-0.009
25487,2001/02/14,,11,1,7299,15131310,CD,CENDANT CORP,,,,N,A,R,6391,53938,3,6531,05377410,,,,,,,,,,,,,,,,,,,,,,,,,13.570,13.980,13.750,9248100.000,0.011773,13.630,13.880,728704.000,0.659,0.100,13.690,,0.011773,-0.000,-0.000,-0.000,-0.001,-0.002
25487,2001/02/15,,11,1,7299,15131310,CD,CENDANT CORP,,,,N,A,R,6391,53938,3,6531,05377410,,,,,,,,,,,,,,,,,,,,,,,,,13.700,13.920,13.800,5965800.000,0.003636,13.690,13.940,728704.000,0.659,0.100,13.750,,0.003636,0.009,0.009,0.009,0.009,0.008
25487,2001/02/16,,11,1,7299,15131310,CD,CENDANT CORP,,,,N,A,R,6391,53938,3,6531,05377410,,,,,,,,,,,,,,,,,,,,,,,,,13.560,13.790,13.780,4389800.000,-0.001449,13.660,13.910,728704.000,0.659,0.100,13.790,,-0.001449,-0.021,-0.021,-0.014,-0.014,-0.019
25487,2001/02/20,,11,1,7299,15131310,CD,CENDANT CORP,,,,N,A,R,6391,53938,3,6531,05377410,,,,,,,,,,,,,,,,,,,,,,,,,13.300,13.980,13.530,6551700.000,-0.018142,13.410,13.660,728704.000,0.659,0.100,13.780,,-0.018142,-0.019,-0.019,-0.012,-0.012,-0.017
25487,2001/02/21,,11,1,7299,15131310,CD,CENDANT CORP,,,,N,A,R,6391,53938,3,6531,05377410,,,,,,,,,,,,,,,,,,,,,,,,,13.000,13.390,13.120,6808400.000,-0.030303,13.000,13.250,728704.000,0.659,0.100,13.300,,-0.030303,-0.018,-0.018,-0.016,-0.016,-0.019
25487,2001/02/22,,11,1,7299,15131310,CD,CENDANT CORP,,,,N,A,R,6391,53938,3,6531,05377410,,,,,,,,,,,,,,,,,,,,,,,,,12.990,13.300,13.200,6209200.000,0.006098,13.080,13.330,728704.000,0.659,0.100,13.100,,0.006098,-0.005,-0.005,-0.011,-0.011,-0.002
25487,2001/02/23,,11,1,7299,15131310,CD,CENDANT CORP,,,,N,A,R,6391,53938,3,6531,05377410,,,,,,,,,,,,,,,,,,,,,,,,,12.470,13.100,13.010,6877200.000,-0.014394,12.890,13.140,728704.000,0.659,0.100,13.000,,-0.014394,-0.004,-0.004,-0.003,-0.003,-0.006
25487,2001/02/26,,11,1,7299,15131310,CD,CENDANT CORP,,,,N,A,R,6391,53938,3,6531,05377410,,,,,,,,,,,,,,,,,,,,,,,,,13.000,13.250,13.130,5923600.000,0.009224,13.010,13.260,728704.000,0.659,0.100,13.250,,0.009224,0.019,0.019,0.016,0.016,0.017
25487,2001/02/27,,11,1,7299,15131310,CD,CENDANT CORP,,,,N,A,R,6391,53938,3,6531,05377410,,,,,,,,,,,,,,,,,,,,,,,,,13.030,13.280,13.130,6614600.000,0.000000,13.010,13.260,728704.000,0.659,0.100,13.030,,0.000000,-0.012,-0.012,-0.012,-0.012,-0.008
25487,2001/02/28,,11,1,7299,15131310,CD,CENDANT CORP,,,,N,A,R,6391,53938,3,6531,05377410,,,,,,,,0.000,,,,,,,,,,,,,5.000,2.000,14.000,1.000,12.870,13.200,13.080,3592600.000,-0.003808,12.960,13.210,768958.000,0.659,0.100,13.150,,-0.003808,-0.014,-0.014,-0.008,-0.008,-0.014
25487,2001/03/01,,11,1,7299,15131310,CD,CENDANT CORP,,,,N,A,R,6391,53938,3,6531,05377410,,,,,,,,,,,,,,,,,,,,,,,,,12.980,13.150,13.100,5990900.000,0.001529,12.980,13.230,768958.000,0.659,0.100,13.000,,0.001529,0.000,0.000,-0.006,-0.006,0.001
25487,2001/03/02,,11,1,7299,15131310,CD,CENDANT CORP,,,,N,A,R,6391,53938,3,6531,05377410,,,,,,,,,,,,,,,,,,,,,,,,,13.060,13.340,13.230,6433900.000,0.009924,13.110,13.360,768958.000,0.659,0.100,13.110,,0.009924,-0.005,-0.005,0.005,0.005,-0.006
25487,2001/03/05,,11,1,7299,15131310,CD,CENDANT CORP,,,,N,A,R,6391,53938,3,6531,05377410,,,,,,,,,,,,,,,,,,,,,,,,,13.350,13.580,13.400,5204500.000,0.012850,13.280,13.530,768958.000,0.659,0.100,13.400,,0.012850,0.005,0.005,0.002,0.002,0.006
25487,2001/03/06,,11,1,7299,15131310,CD,CENDANT CORP,,,,N,A,R,6391,53938,3,6531,05377410,,,,,,,,,,,,,,,,,,,,,,,,,13.430,13.690,13.560,5587600.000,0.011940,13.440,13.690,768958.000,0.659,0.100,13.650,,0.011940,0.011,0.011,0.010,0.010,0.010
25487,2001/03/07,,11,1,7299,15131310,CD,CENDANT CORP,,,,N,A,R,6391,53938,3,6531,05377410,,,,,,,,,,,,,,,,,,,,,,,,,13.580,14.480,14.190,15846300.000,0.046460,14.070,14.370,768958.000,0.659,0.100,13.590,,0.046460,0.006,0.006,0.006,0.005,0.006
25487,2001/03/08,,11,1,7299,15131310,CD,CENDANT CORP,,,,N,A,R,6391,53938,3,6531,05377410,,,,,,,,,,,,,,,,,,,,,,,,,14.050,14.890,14.760,18825200.000,0.040169,14.640,14.890,768958.000,0.659,0.100,14.500,,0.040169,-0.001,-0.001,-0.004,-0.004,0.002
25487,2001/03/09,,11,1,7299,15131310,CD,CENDANT CORP,,,,N,A,R,6391,53938,3,6531,05377410,,,,,,,,,,,,,,,,,,,,,,,,,14.300,14.790,14.730,6137600.000,-0.002033,14.610,14.860,768958.000,0.659,0.100,14.750,,-0.002033,-0.024,-0.024,-0.015,-0.015,-0.025
25487,2001/03/12,,11,1,7299,15131310,CD,CENDANT CORP,,,,N,A,R,6391,53938,3,6531,05377410,,,,,,,,,,,,,,,,,,,,,,,,,13.860,14.550,13.960,4776400.000,-0.052274,13.640,14.090,768958.000,0.659,0.100,14.450,,-0.052274,-0.042,-0.042,-0.031,-0.031,-0.043
25487,2001/03/13,,11,1,7299,15131310,CD,CENDANT CORP,,,,N,A,R,6391,53938,3,6531,05377410,,,,,,,,,,,,,,,,,,,,,,,,,13.990,14.480,14.430,7727100.000,0.033668,14.310,14.500,768958.000,0.659,0.100,13.990,,0.033668,0.015,0.015,0.005,0.005,0.015
25487,2001/03/14,,11,1,7299,15131310,CD,CENDANT CORP,,,,N,A,R,6391,53938,3,6531,05377410,,,,,,,,,,,,,,,,,,,,,,,,,13.500,14.610,14.220,9542200.000,-0.014553,14.250,14.350,768958.000,0.659,0.100,13.500,,-0.014553,-0.025,-0.025,-0.018,-0.018,-0.026
25487,2001/03/15,,11,1,7299,15131310,CD,CENDANT CORP,,,,N,A,R,6391,53938,3,6531,05377410,,,,,,,,,,,,,,,,,,,,,,,,,14.200,14.550,14.360,7552700.000,0.009845,14.240,14.490,768958.000,0.659,0.100,14.500,,0.009845,0.003,0.003,-0.000,-0.000,0.006
25487,2001/03/16,,11,1,7299,15131310,CD,CENDANT CORP,,,,N,A,R,6391,53938,3,6531,05377410,,,,,,,,,,,,,,,,,,,,,,,,,13.880,14.560,14.530,7693200.000,0.011838,14.410,14.660,768958.000,0.659,0.100,13.900,,0.011838,-0.021,-0.021,-0.018,-0.018,-0.020
25487,2001/03/19,,11,1,7299,15131310,CD,CENDANT CORP,,,,N,A,R,6391,53938,3,6531,05377410,,,,,,,,,,,,,,,,,,,,,,,,,14.320,14.990,14.740,7998200.000,0.014453,14.620,14.870,768958.000,0.659,0.100,14.500,,0.014453,0.019,0.019,0.009,0.009,0.018
25487,2001/03/20,,11,1,7299,15131310,CD,CENDANT CORP,,,,N,A,R,6391,53938,3,6531,05377410,,,,,,,,,,,,,,,,,,,,,,,,,14.210,14.860,14.300,3668800.000,-0.029851,14.210,14.430,768958.000,0.659,0.100,14.800,,-0.029851,-0.023,-0.023,-0.008,-0.009,-0.024
25487,2001/03/21,,11,1,7299,15131310,CD,CENDANT CORP,,,,N,A,R,6391,53938,3,6531,05377410,,,,,,,,,,,,,,,,,,,,,,,,,13.540,14.630,13.570,7206700.000,-0.051049,13.450,13.700,768958.000,0.659,0.100,14.250,,-0.051049,-0.019,-0.019,-0.016,-0.016,-0.018
25487,2001/03/22,,11,1,7299,15131310,CD,CENDANT CORP,,,,N,A,R,6391,53938,3,6531,05377410,,,,,,,,,,,,,,,,,,,,,,,,,12.700,13.800,13.160,12577400.000,-0.030214,12.980,13.230,768958.000,0.659,0.100,13.520,,-0.030214,-0.004,-0.005,-0.011,-0.011,-0.004
25487,2001/03/23,,11,1,7299,15131310,CD,CENDANT CORP,,,,N,A,R,6391,53938,3,6531,05377410,,,,,,,,,,,,,,,,,,,,,,,,,13.190,13.800,13.530,5738200.000,0.028115,13.410,13.660,768958.000,0.659,0.100,13.600,,0.028115,0.020,0.020,0.021,0.021,0.020
25487,2001/03/26,,11,1,7299,15131310,CD,CENDANT CORP,,,,N,A,R,6391,53938,3,6531,05377410,,,,,,,,,,,,,,,,,,,,,,,,,13.600,14.250,13.950,6253800.000,0.031042,13.830,14.080,768958.000,0.659,0.100,13.750,,0.031042,0.011,0.011,0.007,0.007,0.011
25487,2001/03/27,,11,1,7299,15131310,CD,CENDANT CORP,,,,N,A,R,6391,53938,3,6531,05377410,,,,,,,,,,,,,,,,,,,,,,,,,13.895,14.300,14.300,4363900.000,0.025090,14.180,14.430,768958.000,0.659,0.100,14.150,,0.025090,0.023,0.023,0.009,0.009,0.026
25487,2001/03/28,,11,1,7299,15131310,CD,CENDANT CORP,,,,N,A,R,6391,53938,3,6531,05377410,,,,,,,,,,,,,,,,,,,,,,,,,14.050,14.750,14.250,11505100.000,-0.003497,14.000,14.750,768958.000,0.659,0.100,14.300,,-0.003497,-0.026,-0.026,-0.018,-0.018,-0.024
25487,2001/03/29,,11,1,7299,15131310,CD,CENDANT CORP,,,,N,A,R,6391,53938,3,6531,05377410,,,,,,,,,,,,,,,,,,,,,,,,,14.250,14.630,14.500,6425600.000,0.017544,14.380,14.630,768958.000,0.659,0.100,14.260,,0.017544,-0.005,-0.005,-0.007,-0.007,-0.005
25487,2001/03/30,,11,1,7299,15131310,CD,CENDANT CORP,,,,N,A,R,6391,53938,3,6531,05377410,,,,,,,,0.000,,,,,,,,,,,,,5.000,2.000,14.000,1.000,14.550,15.140,14.590,9746100.000,0.006207,14.470,14.720,768958.000,0.659,0.100,15.100,,0.006207,0.012,0.012,0.016,0.016,0.011
25487,2001/04/02,,11,1,7299,15131310,CD,CENDANT CORP,,,,N,A,R,6391,53938,3,6531,05377410,,,,,,,,,,,,,,,,,,,,,,,,,14.260,14.790,14.420,5431700.000,-0.011652,14.300,14.550,768958.000,0.659,0.100,14.650,,-0.011652,-0.016,-0.016,-0.021,-0.021,-0.012
25487,2001/04/03,,11,1,7299,15131310,CD,CENDANT CORP,,,,N,A,R,6391,53938,3,6531,05377410,,,,,,,,,,,,,,,,,,,,,,,,,13.750,14.300,13.890,4882400.000,-0.036754,13.770,14.020,768958.000,0.659,0.100,14.250,,-0.036754,-0.036,-0.036,-0.034,-0.034,-0.034
25487,2001/04/04,,11,1,7299,15131310,CD,CENDANT CORP,,,,N,A,R,6391,53938,3,6531,05377410,,,,,,,,,,,,,,,,,,,,,,,,,13.860,14.150,14.000,4899600.000,0.007919,13.880,14.130,768958.000,0.659,0.100,14.050,,0.007919,-0.003,-0.003,-0.008,-0.008,-0.003
25487,2001/04/05,,11,1,7299,15131310,CD,CENDANT CORP,,,,N,A,R,6391,53938,3,6531,05377410,,,,,,,,,,,,,,,,,,,,,,,,,14.200,14.500,14.500,6150800.000,0.035714,14.000,14.750,768958.000,0.659,0.100,14.250,,0.035714,0.046,0.046,0.039,0.039,0.044
25487,2001/04/06,,11,1,7299,15131310,CD,CENDANT CORP,,,,N,A,R,6391,53938,3,6531,05377410,,,,,,,,,,,,,,,,,,,,,,,,,14.150,14.620,14.500,4586800.000,0.000000,14.380,14.630,768958.000,0.659,0.100,14.500,,0.000000,-0.020,-0.020,-0.013,-0.013,-0.020
25487,2001/04/09,,11,1,7299,15131310,CD,CENDANT CORP,,,,N,A,R,6391,53938,3,6531,05377410,,,,,,,,,,,,,,,,,,,,,,,,,14.380,15.490,15.450,15525100.000,0.065517,15.200,15.700,768958.000,0.659,0.100,14.400,,0.065517,0.009,0.009,0.006,0.006,0.008
25487,2001/04/10,,11,1,7299,15131310,CD,CENDANT CORP,,,,N,A,R,6391,53938,3,6531,05377410,,,,,,,,,,,,,,,,,,,,,,,,,15.200,15.910,15.710,12338200.000,0.016828,15.460,15.960,768958.000,0.659,0.100,15.500,,0.016828,0.029,0.029,0.023,0.023,0.027
25487,2001/04/11,,11,1,7299,15131310,CD,CENDANT CORP,,,,N,A,R,6391,53938,3,6531,05377410,,,,,,,,,,,,,,,,,,,,,,,,,15.100,15.940,15.450,6892100.000,-0.016550,15.200,15.700,768958.000,0.659,0.100,15.900,,-0.016550,-0.001,-0.001,0.007,0.007,-0.002
25487,2001/04/12,,11,1,7299,15131310,CD,CENDANT CORP,,,,N,A,R,6391,53938,3,6531,05377410,,,,,,,,,,,,,,,,,,,,,,,,,14.950,15.540,15.480,5642200.000,0.001942,15.230,15.530,768958.000,0.659,0.100,14.950,,0.001942,0.016,0.016,0.015,0.015,0.015
25487,2001/04/16,,11,1,7299,15131310,CD,CENDANT CORP,,,,N,A,R,6391,53938,3,6531,05377410,,,,,,,,,,,,,,,,,,,,,,,,,15.460,15.850,15.700,4298500.000,0.014212,15.450,15.950,768958.000,0.659,0.100,15.590,,0.014212,-0.005,-0.005,-0.004,-0.004,-0.003
25487,2001/04/17,,11,1,7299,15131310,CD,CENDANT CORP,,,,N,A,R,6391,53938,3,6531,05377410,,,,,,,,,,,,,,,,,,,,,,,,,15.600,16.400,16.400,12221700.000,0.044586,16.250,16.650,768958.000,0.659,0.100,15.700,,0.044586,0.010,0.010,0.005,0.005,0.010
25487,2001/04/18,,11,1,7299,15131310,CD,CENDANT CORP,,,,N,A,R,6391,53938,3,6531,05377410,,,,,,,,,,,,,,,,,,,,,,,,,16.460,17.400,16.890,16393300.000,0.029878,,,768958.000,0.659,0.100,16.500,,0.029878,0.040,0.040,0.029,0.029,0.039
25487,2001/04/19,,11,1,7299,15131310,CD,CENDANT CORP,,,,N,A,R,6391,53938,3,6531,05377410,,,,,,,,,,,,,,,,,,,,,,,,,16.940,17.990,17.990,18502200.000,0.065127,17.740,18.500,768958.000,0.659,0.100,16.950,,0.065127,0.015,0.015,0.016,0.016,0.013
25487,2001/04/20,,11,1,7299,15131310,CD,CENDANT CORP,,,,N,A,R,6391,53938,3,6531,05377410,,,,,,,,,,,,,,,,,,,,,,,,,17.250,17.740,17.360,7109500.000,-0.035019,17.250,17.650,768958.000,0.659,0.100,17.350,,-0.035019,-0.008,-0.008,0.001,0.001,-0.009
25487,2001/04/23,,11,1,7299,15131310,CD,CENDANT CORP,,,,N,A,R,6391,53938,3,6531,05377410,,,,,,,,,,,,,,,,,,,,,,,,,16.770,17.280,17.100,12055200.000,-0.014977,16.850,17.500,768958.000,0.659,0.100,17.050,,-0.014977,-0.017,-0.017,-0.008,-0.008,-0.015
25487,2001/04/24,,11,1,7299,15131310,CD,CENDANT CORP,,,,N,A,R,6391,53938,3,6531,05377410,,,,,,,,,,,,,,,,,,,,,,,,,16.950,17.490,17.090,5204900.000,-0.000585,16.800,17.400,768958.000,0.659,0.100,17.000,,-0.000585,-0.011,-0.011,0.002,0.002,-0.012
25487,2001/04/25,,11,1,7299,15131310,CD,CENDANT CORP,,,,N,A,R,6391,53938,3,6531,05377410,,,,,,,,,,,,,,,,,,,,,,,,,17.020,17.530,17.370,7672700.000,0.016384,17.080,17.700,768958.000,0.659,0.100,17.100,,0.016384,0.016,0.016,0.012,0.011,0.016
25487,2001/04/26,,11,1,7299,15131310,CD,CENDANT CORP,,,,N,A,R,6391,53938,3,6531,05377410,,,,,,,,,,,,,,,,,,,,,,,,,17.450,18.150,17.750,9106100.000,0.021877,17.250,18.000,768958.000,0.659,0.100,17.680,,0.021877,0.005,0.005,0.008,0.007,0.005
25487,2001/04/27,,11,1,7299,15131310,CD,CENDANT CORP,,,,N,A,R,6391,53938,3,6531,05377410,,,,,,,,,,,,,,,,,,,,,,,,,17.630,18.180,18.150,4404000.000,0.022535,18.090,18.500,768958.000,0.659,0.100,17.920,,0.022535,0.014,0.014,0.011,0.011,0.015
25487,2001/04/30,,11,1,7299,15131310,CD,CENDANT CORP,,,,N,A,R,6391,53938,3,6531,05377410,,,,,,,,0.000,,,,,,,,,,,,,5.000,2.000,14.000,1.000,17.200,17.780,17.740,18865600.000,-0.022590,17.250,18.250,845585.000,0.659,0.100,17.350,,-0.022590,0.001,0.001,0.010,0.010,-0.003
25487,2001/05/01,,11,1,7299,15131310,CD,CENDANT CORP,,,,N,A,R,6391,53938,3,6531,05377410,,,,,,,,,,,,,,,,,,,,,,,,,17.350,17.750,17.400,8803600.000,-0.019166,17.150,17.650,845585.000,0.659,0.100,17.750,,-0.019166,0.013,0.013,0.010,0.010,0.014
25487,2001/05/02,,11,1,7299,15131310,CD,CENDANT CORP,,,,N,A,R,6391,53938,3,6531,05377410,,,,,,,,,,,,,,,,,,,,,,,,,17.380,17.990,17.900,9927900.000,0.028736,17.650,18.150,845585.000,0.659,0.100,17.650,,0.028736,0.003,0.003,0.012,0.012,0.001
25487,2001/05/03,,11,1,7299,15131310,CD,CENDANT CORP,,,,N,A,R,6391,53938,3,6531,05377410,,,,,,,,,,,,,,,,,,,,,,,,,17.330,17.790,17.560,4753700.000,-0.018994,17.310,17.810,845585.000,0.659,0.100,17.700,,-0.018994,-0.015,-0.015,-0.005,-0.006,-0.015
25487,2001/05/04,,11,1,7299,15131310,CD,CENDANT CORP,,,,N,A,R,6391,53938,3,6531,05377410,,,,,,,,,,,,,,,,,,,,,,,,,17.200,17.700,17.650,3717200.000,0.005125,17.400,17.900,845585.000,0.659,0.100,17.300,,0.005125,0.014,0.014,0.011,0.011,0.014
25487,2001/05/07,,11,1,7299,15131310,CD,CENDANT CORP,,,,N,A,R,6391,53938,3,6531,05377410,,,,,,,,,,,,,,,,,,,,,,,,,17.510,18.030,17.990,5863400.000,0.019263,17.650,18.400,845585.000,0.659,0.100,17.650,,0.019263,-0.003,-0.003,0.001,0.001,-0.002
25487,2001/05/08,,11,1,7299,15131310,CD,CENDANT CORP,,,,N,A,R,6391,53938,3,6531,05377410,,,,,,,,,,,,,,,,,,,,,,,,,17.780,18.150,17.840,6166100.000,-0.008338,17.560,17.800,845585.000,0.659,0.100,17.990,,-0.008338,-0.001,-0.001,0.005,0.005,-0.002
25487,2001/05/09,,11,1,7299,15131310,CD,CENDANT CORP,,,,N,A,R,6391,53938,3,6531,05377410,,,,,,,,,,,,,,,,,,,,,,,,,17.780,18.050,17.940,5768200.000,0.005605,17.690,18.190,845585.000,0.659,0.100,17.810,,0.005605,-0.004,-0.004,0.001,0.001,-0.004
25487,2001/05/10,,11,1,7299,15131310,CD,CENDANT CORP,,,,N,A,R,6391,53938,3,6531,05377410,,,,,,,,,,,,,,,,,,,,,,,,,17.400,18.000,17.480,3117100.000,-0.025641,17.230,17.730,845585.000,0.659,0.100,18.000,,-0.025641,-0.000,-0.001,0.003,0.003,-0.000
25487,2001/05/11,,11,1,7299,15131310,CD,CENDANT CORP,,,,N,A,R,6391,53938,3,6531,05377410,,,,,,,,,,,,,,,,,,,,,,,,,16.760,17.600,17.100,5623300.000,-0.021739,16.850,17.350,845585.000,0.659,0.100,17.540,,-0.021739,-0.008,-0.008,-0.002,-0.002,-0.008
25487,2001/05/14,,11,1,7299,15131310,CD,CENDANT CORP,,,,N,A,R,6391,53938,3,6531,05377410,,,,,,,,,,,,,,,,,,,,,,,,,16.800,17.320,17.320,4764500.000,0.012865,17.070,17.570,845585.000,0.659,0.100,16.900,,0.012865,0.001,0.001,-0.003,-0.003,0.003
25487,2001/05/15,,11,1,7299,15131310,CD,CENDANT CORP,,,,N,A,R,6391,53938,3,6531,05377410,,,,,,,,,,,,,,,,,,,,,,,,,17.250,18.020,17.900,7251500.000,0.033487,17.650,18.150,845585.000,0.659,0.100,17.280,,0.033487,0.001,0.001,0.004,0.004,0.000
25487,2001/05/16,,11,1,7299,15131310,CD,CENDANT CORP,,,,N,A,R,6391,53938,3,6531,05377410,,,,,,,,,,,,,,,,,,,,,,,,,17.340,18.140,18.100,8861400.000,0.011173,17.850,18.350,845585.000,0.659,0.100,17.400,,0.011173,0.027,0.027,0.010,0.010,0.028
25487,2001/05/17,,11,1,7299,15131310,CD,CENDANT CORP,,,,N,A,R,6391,53938,3,6531,05377410,,,,,,,,,,,,,,,,,,,,,,,,,17.800,18.130,17.820,5420800.000,-0.015470,17.600,18.070,845585.000,0.659,0.100,18.000,,-0.015470,0.006,0.006,0.011,0.010,0.003
25487,2001/05/18,,11,1,7299,15131310,CD,CENDANT CORP,,,,N,A,R,6391,53938,3,6531,05377410,,,,,,,,,,,,,,,,,,,,,,,,,17.690,18.090,17.930,4127500.000,0.006173,17.680,18.180,845585.000,0.659,0.100,17.750,,0.006173,0.003,0.003,0.005,0.005,0.003
25487,2001/05/21,,11,1,7299,15131310,CD,CENDANT CORP,,,,N,A,R,6391,53938,3,6531,05377410,,,,,,,,,,,,,,,,,,,,,,,,,17.790,18.480,18.200,5454800.000,0.015059,18.120,18.330,845585.000,0.659,0.100,17.800,,0.015059,0.019,0.019,0.016,0.016,0.016
25487,2001/05/22,,11,1,7299,15131310,CD,CENDANT CORP,,,,N,A,R,6391,53938,3,6531,05377410,,,,,,,,,,,,,,,,,,,,,,,,,18.300,19.000,18.950,10132600.000,0.041209,18.860,19.050,845585.000,0.659,0.100,18.450,,0.041209,-0.002,-0.002,0.007,0.007,-0.003
25487,2001/05/23,,11,1,7299,15131310,CD,CENDANT CORP,,,,N,A,R,6391,53938,3,6531,05377410,,,,,,,,,,,,,,,,,,,,,,,,,18.570,19.000,18.640,4117700.000,-0.016359,18.550,18.740,845585.000,0.659,0.100,18.850,,-0.016359,-0.017,-0.017,-0.007,-0.007,-0.016
25487,2001/05/24,,11,1,7299,15131310,CD,CENDANT CORP,,,,N,A,R,6391,53938,3,6531,05377410,,,,,,,,,,,,,,,,,,,,,,,,,18.350,19.110,19.030,5114900.000,0.020923,18.980,19.100,845585.000,0.659,0.100,18.600,,0.020923,0.004,0.004,0.006,0.005,0.003
25487,2001/05/25,,11,1,7299,15131310,CD,CENDANT CORP,,,,N,A,R,6391,53938,3,6531,05377410,,,,,,,,,,,,,,,,,,,,,,,,,18.730,19.040,18.870,4635000.000,-0.008408,18.810,18.940,845585.000,0.659,0.100,19.020,,-0.008408,-0.010,-0.010,0.003,0.003,-0.012
25487,2001/05/29,,11,1,7299,15131310,CD,CENDANT CORP,,,,N,A,R,6391,53938,3,6531,05377410,,,,,,,,,,,,,,,,,,,,,,,,,18.490,18.850,18.750,4319000.000,-0.006359,18.690,18.810,845585.000,0.659,0.100,18.750,,-0.006359,-0.010,-0.010,-0.008,-0.008,-0.008
25487,2001/05/30,,11,1,7299,15131310,CD,CENDANT CORP,,,,N,A,R,6391,53938,3,6531,05377410,,,,,,,,,,,,,,,,,,,,,,,,,18.590,18.950,18.950,6225600.000,0.010667,18.820,19.000,845585.000,0.659,0.100,18.760,,0.010667,-0.018,-0.018,-0.016,-0.016,-0.016
25487,2001/05/31,,11,1,7299,15131310,CD,CENDANT CORP,,,,N,A,R,6391,53938,3,6531,05377410,,,,,,,,0.000,,,,,,,,,,,,,5.000,2.000,14.000,1.000,18.800,19.290,19.180,9454400.000,0.012137,19.110,19.230,851817.000,0.659,0.100,18.950,,0.012137,0.008,0.008,0.007,0.007,0.006
25487,2001/06/01,,11,1,7299,15131310,CD,CENDANT CORP,,,,N,A,R,6391,53938,3,6531,05377410,,,,,,,,,,,,,,,,,,,,,,,,,18.850,19.150,18.980,4617400.000,-0.010428,18.920,19.040,851817.000,0.659,0.100,19.050,,-0.010428,0.005,0.005,0.006,0.006,0.004
25487,2001/06/04,,11,1,7299,15131310,CD,CENDANT CORP,,,,N,A,R,6391,53938,3,6531,05377410,,,,,,,,,,,,,,,,,,,,,,,,,18.750,19.010,19.000,2851000.000,0.001054,18.880,19.050,851817.000,0.659,0.100,18.980,,0.001054,0.005,0.005,0.005,0.005,0.005
25487,2001/06/05,,11,1,7299,15131310,CD,CENDANT CORP,,,,N,A,R,6391,53938,3,6531,05377410,,,,,,,,,,,,,,,,,,,,,,,,,18.970,19.390,19.220,5024500.000,0.011579,19.150,19.280,851817.000,0.659,0.100,19.050,,0.011579,0.014,0.014,0.012,0.012,0.013
25487,2001/06/06,,11,1,7299,15131310,CD,CENDANT CORP,,,,N,A,R,6391,53938,3,6531,05377410,,,,,,,,,,,,,,,,,,,,,,,,,18.270,19.170,18.480,5899800.000,-0.038502,18.450,18.530,851817.000,0.659,0.100,19.020,,-0.038502,-0.009,-0.010,-0.003,-0.003,-0.011
25487,2001/06/07,,11,1,7299,15131310,CD,CENDANT CORP,,,,N,A,R,6391,53938,3,6531,05377410,,,,,,,,,,,,,,,,,,,,,,,,,17.720,18.600,18.090,9725300.000,-0.021104,18.030,18.090,851817.000,0.659,0.100,18.600,,-0.021104,0.005,0.005,0.005,0.005,0.005
25487,2001/06/08,,11,1,7299,15131310,CD,CENDANT CORP,,,,N,A,R,6391,53938,3,6531,05377410,,,,,,,,,,,,,,,,,,,,,,,,,18.100,18.400,18.400,4763100.000,0.017137,18.240,18.450,851817.000,0.659,0.100,18.290,,0.017137,-0.010,-0.010,-0.002,-0.002,-0.009
25487,2001/06/11,,11,1,7299,15131310,CD,CENDANT CORP,,,,N,A,R,6391,53938,3,6531,05377410,,,,,,,,,,,,,,,,,,,,,,,,,18.210,18.450,18.260,2404800.000,-0.007609,18.200,18.330,851817.000,0.659,0.100,18.300,,-0.007609,-0.010,-0.010,-0.006,-0.006,-0.008
25487,2001/06/12,,11,1,7299,15131310,CD,CENDANT CORP,,,,N,A,R,6391,53938,3,6531,05377410,,,,,,,,,,,,,,,,,,,,,,,,,17.610,18.650,18.270,7275400.000,0.000548,18.250,18.410,851817.000,0.659,0.100,17.770,,0.000548,0.000,0.000,-0.001,-0.001,0.001
25487,2001/06/13,,11,1,7299,15131310,CD,CENDANT CORP,,,,N,A,R,6391,53938,3,6531,05377410,,,,,,,,,,,,,,,,,,,,,,,,,18.300,18.600,18.500,4468500.000,0.012589,18.440,18.550,851817.000,0.659,0.100,18.300,,0.012589,-0.010,-0.010,-0.002,-0.003,-0.011
25487,2001/06/14,,11,1,7299,15131310,CD,CENDANT CORP,,,,N,A,R,6391,53938,3,6531,05377410,,,,,,,,,,,,,,,,,,,,,,,,,18.430,18.880,18.600,6207400.000,0.005405,18.460,18.670,851817.000,0.659,0.100,18.550,,0.005405,-0.019,-0.019,-0.015,-0.015,-0.018
25487,2001/06/15,,11,1,7299,15131310,CD,CENDANT CORP,,,,N,A,R,6391,53938,3,6531,05377410,,,,,,,,,,,,,,,,,,,,,,,,,18.290,18.600,18.450,12582400.000,-0.008064,18.350,18.500,851817.000,0.659,0.100,18.600,,-0.008064,-0.005,-0.005,-0.005,-0.005,-0.005
25487,2001/06/18,,11,1,7299,15131310,CD,CENDANT CORP,,,,N,A,R,6391,53938,3,6531,05377410,,,,,,,,,,,,,,,,,,,,,,,,,17.930,19.240,19.020,13993300.000,0.030894,19.000,19.080,851817.000,0.659,0.100,18.060,,0.030894,-0.007,-0.007,-0.013,-0.013,-0.005
25487,2001/06/19,,11,1,7299,15131310,CD,CENDANT CORP,,,,N,A,R,6391,53938,3,6531,05377410,,,,,,,,,,,,,,,,,,,,,,,,,19.360,19.800,19.560,14001800.000,0.028391,19.500,19.610,851817.000,0.659,0.100,19.500,,0.028391,0.002,0.002,-0.006,-0.006,0.003
25487,2001/06/20,,11,1,7299,15131310,CD,CENDANT CORP,,,,N,A,R,6391,53938,3,6531,05377410,,,,,,,,,,,,,,,,,,,,,,,,,19.520,20.000,20.000,10260000.000,0.022495,19.940,20.050,851817.000,0.659,0.100,19.560,,0.022495,0.010,0.010,0.001,0.001,0.009
25487,2001/06/21,,11,1,7299,15131310,CD,CENDANT CORP,,,,N,A,R,6391,53938,3,6531,05377410,,,,,,,,,,,,,,,,,,,,,,,,,19.800,20.370,20.370,8855000.000,0.018500,20.240,20.420,851817.000,0.659,0.100,19.900,,0.018500,0.010,0.010,0.004,0.004,0.011
25487,2001/06/22,,11,1,7299,15131310,CD,CENDANT CORP,,,,N,A,R,6391,53938,3,6531,05377410,,,,,,,,,,,,,,,,,,,,,,,,,19.950,20.370,20.030,7534600.000,-0.016691,19.970,20.080,851817.000,0.659,0.100,20.370,,-0.016691,-0.009,-0.009,-0.002,-0.003,-0.009
25487,2001/06/25,,11,1,7299,15131310,CD,CENDANT CORP,,,,N,A,R,6391,53938,3,6531,05377410,,,,,,,,,,,,,,,,,,,,,,,,,19.670,20.230,19.770,7143400.000,-0.012981,19.710,19.840,851817.000,0.659,0.100,20.230,,-0.012981,-0.005,-0.005,-0.000,-0.000,-0.006
25487,2001/06/26,,11,1,7299,15131310,CD,CENDANT CORP,,,,N,A,R,6391,53938,3,6531,05377410,,,,,,,,,,,,,,,,,,,,,,,,,19.410,20.150,20.120,5629700.000,0.017704,20.080,20.100,851817.000,0.659,0.100,19.420,,0.017704,-0.000,-0.000,0.005,0.005,-0.002
25487,2001/06/27,,11,1,7299,15131310,CD,CENDANT CORP,,,,N,A,R,6391,53938,3,6531,05377410,,,,,,,,,,,,,,,,,,,,,,,,,19.750,20.140,19.750,5937300.000,-0.018390,19.690,19.810,851817.000,0.659,0.100,20.000,,-0.018390,-0.002,-0.002,0.004,0.004,-0.005
25487,2001/06/28,,11,1,7299,15131310,CD,CENDANT CORP,,,,N,A,R,6391,53938,3,6531,05377410,,,,,,,,,,,,,,,,,,,,,,,,,19.490,20.090,19.650,7929400.000,-0.005063,19.550,19.670,851817.000,0.659,0.100,19.750,,-0.005063,0.013,0.013,0.008,0.008,0.012
25487,2001/06/29,,11,1,7299,15131310,CD,CENDANT CORP,,,,N,A,R,6391,53938,3,6531,05377410,,,,,,,,0.000,,,,,,,,,,,,,5.000,2.000,14.000,1.000,19.500,20.060,19.500,7170200.000,-0.007634,19.650,19.820,851817.000,0.659,0.100,19.980,,-0.007634,0.004,0.004,0.019,0.019,-0.001
25487,2001/07/02,,11,1,7299,15131310,CD,CENDANT CORP,,,,N,A,R,6391,53938,3,6531,05377410,,,,,,,,,,,,,,,,,,,,,,,,,19.810,20.150,20.110,5506600.000,0.031282,20.010,20.110,851817.000,0.659,0.100,19.850,,0.031282,0.005,0.005,-0.006,-0.006,0.010
25487,2001/07/03,,11,1,7299,15131310,CD,CENDANT CORP,,,,N,A,R,6391,53938,3,6531,05377410,,,,,,,,,,,,,,,,,,,,,,,,,19.930,20.500,20.230,7637700.000,0.005967,20.210,20.250,851817.000,0.659,0.100,20.490,,0.005967,-0.002,-0.002,-0.000,-0.000,-0.002
25487,2001/07/05,,11,1,7299,15131310,CD,CENDANT CORP,,,,N,A,R,6391,53938,3,6531,05377410,,,,,,,,,,,,,,,,,,,,,,,,,20.100,20.950,20.900,11020200.000,0.033119,20.850,20.960,851817.000,0.659,0.100,20.230,,0.033119,-0.012,-0.012,-0.007,-0.007,-0.012
25487,2001/07/06,,11,1,7299,15131310,CD,CENDANT CORP,,,,N,A,R,6391,53938,3,6531,05377410,,,,,,,,,,,,,,,,,,,,,,,,,20.250,21.010,20.500,7046500.000,-0.019139,20.420,20.540,851817.000,0.659,0.100,21.000,,-0.019139,-0.022,-0.022,-0.012,-0.012,-0.023
25487,2001/07/09,,11,1,7299,15131310,CD,CENDANT CORP,,,,N,A,R,6391,53938,3,6531,05377410,,,,,,,,,,,,,,,,,,,,,,,,,20.130,20.450,20.250,6374100.000,-0.012195,20.200,20.300,851817.000,0.659,0.100,20.300,,-0.012195,0.006,0.006,0.002,0.002,0.007
25487,2001/07/10,,11,1,7299,15131310,CD,CENDANT CORP,,,,N,A,R,6391,53938,3,6531,05377410,,,,,,,,,,,,,,,,,,,,,,,,,20.010,20.450,20.140,6177900.000,-0.005432,20.070,20.190,851817.000,0.659,0.100,20.250,,-0.005432,-0.014,-0.014,-0.009,-0.009,-0.014
25487,2001/07/11,,11,1,7299,15131310,CD,CENDANT CORP,,,,N,A,R,6391,53938,3,6531,05377410,,,,,,,,,,,,,,,,,,,,,,,,,19.960,20.690,20.630,5990000.000,0.024330,20.620,20.690,851817.000,0.659,0.100,20.020,,0.024330,-0.002,-0.002,-0.005,-0.006,-0.001
25487,2001/07/12,,11,1,7299,15131310,CD,CENDANT CORP,,,,N,A,R,6391,53938,3,6531,05377410,,,,,,,,,,,,,,,,,,,,,,,,,20.450,20.900,20.750,6088600.000,0.005817,20.660,20.800,851817.000,0.659,0.100,20.900,,0.005817,0.024,0.024,0.015,0.015,0.024
25487,2001/07/13,,11,1,7299,15131310,CD,CENDANT CORP,,,,N,A,R,6391,53938,3,6531,05377410,,,,,,,,,,,,,,,,,,,,,,,,,20.400,20.940,20.810,4887500.000,0.002892,20.750,20.860,851817.000,0.659,0.100,20.750,,0.002892,0.005,0.005,0.004,0.004,0.006
25487,2001/07/16,,11,1,7299,15131310,CD,CENDANT CORP,,,,N,A,R,6391,53938,3,6531,05377410,,,,,,,,,,,,,,,,,,,,,,,,,20.470,20.750,20.520,3378100.000,-0.013936,20.470,20.570,851817.000,0.659,0.100,20.750,,-0.013936,-0.012,-0.012,-0.007,-0.007,-0.011
25487,2001/07/17,,11,1,7299,15131310,CD,CENDANT CORP,,,,N,A,R,6391,53938,3,6531,05377410,,,,,,,,,,,,,,,,,,,,,,,,,20.270,20.700,20.520,5683700.000,0.000000,20.470,20.570,851817.000,0.659,0.100,20.270,,0.000000,0.011,0.011,0.005,0.005,0.010
25487,2001/07/18,,11,1,7299,15131310,CD,CENDANT CORP,,,,N,A,R,6391,53938,3,6531,05377410,,,,,,,,,,,,,,,,,,,,,,,,,20.110,20.630,20.170,8702000.000,-0.017057,20.120,20.230,851817.000,0.659,0.100,20.520,,-0.017057,-0.007,-0.007,-0.008,-0.008,-0.006
25487,2001/07/19,,11,1,7299,15131310,CD,CENDANT CORP,,,,N,A,R,6391,53938,3,6531,05377410,,,,,,,,,,,,,,,,,,,,,,,,,20.490,21.530,21.530,18413300.000,0.067427,21.470,21.570,851817.000,0.659,0.100,20.490,,0.067427,0.005,0.005,0.005,0.005,0.006
25487,2001/07/20,,11,1,7299,15131310,CD,CENDANT CORP,,,,N,A,R,6391,53938,3,6531,05377410,,,,,,,,,,,,,,,,,,,,,,,,,20.550,21.200,21.190,39555600.000,-0.015792,21.190,21.200,851817.000,0.659,0.100,20.550,,-0.015792,-0.003,-0.003,0.000,0.000,-0.003
25487,2001/07/23,,11,1,7299,15131310,CD,CENDANT CORP,,,,N,A,R,6391,53938,3,6531,05377410,,,,,,,,,,,,,,,,,,,,,,,,,20.670,21.180,20.740,5205500.000,-0.021236,20.690,20.790,851817.000,0.659,0.100,21.150,,-0.021236,-0.015,-0.015,-0.006,-0.006,-0.016
25487,2001/07/24,,11,1,7299,15131310,CD,CENDANT CORP,,,,N,A,R,6391,53938,3,6531,05377410,,,,,,,,,,,,,,,,,,,,,,,,,20.250,20.690,20.410,5038200.000,-0.015911,20.400,20.420,851817.000,0.659,0.100,20.600,,-0.015911,-0.016,-0.016,-0.011,-0.012,-0.016
25487,2001/07/25,,11,1,7299,15131310,CD,CENDANT CORP,,,,N,A,R,6391,53938,3,6531,05377410,,,,,,,,,,,,,,,,,,,,,,,,,20.250,20.690,20.670,4162000.000,0.012739,20.600,20.720,851817.000,0.659,0.100,20.500,,0.012739,0.014,0.014,0.003,0.003,0.016
25487,2001/07/26,,11,1,7299,15131310,CD,CENDANT CORP,,,,N,A,R,6391,53938,3,6531,05377410,,,,,,,,,,,,,,,,,,,,,,,,,20.120,20.700,20.490,5708100.000,-0.008708,20.410,20.540,851817.000,0.659,0.100,20.500,,-0.008708,0.012,0.011,0.008,0.008,0.010
25487,2001/07/27,,11,1,7299,15131310,CD,CENDANT CORP,,,,N,A,R,6391,53938,3,6531,05377410,,,,,,,,,,,,,,,,,,,,,,,,,20.320,20.920,20.820,4379000.000,0.016105,20.810,20.820,851817.000,0.659,0.100,20.350,,0.016105,0.003,0.003,0.004,0.003,0.002
25487,2001/07/30,,11,1,7299,15131310,CD,CENDANT CORP,,,,N,A,R,6391,53938,3,6531,05377410,,,,,,,,,,,,,,,,,,,,,,,,,20.330,20.820,20.510,5714000.000,-0.014890,20.460,20.570,851817.000,0.659,0.100,20.820,,-0.014890,-0.001,-0.001,-0.001,-0.001,-0.001
25487,2001/07/31,,11,1,7299,15131310,CD,CENDANT CORP,,,,N,A,R,6391,53938,3,6531,05377410,,,,,,,,0.000,,,,,,,,,,,,,5.000,2.000,14.000,1.000,20.110,20.510,20.350,7901400.000,-0.007801,20.300,20.400,857075.000,0.659,0.100,20.500,,-0.007801,0.005,0.005,0.003,0.003,0.006
25487,2001/08/01,,11,1,7299,15131310,CD,CENDANT CORP,,,,N,A,R,6391,53938,3,6531,05377410,,,,,,,,,,,,,,,,,,,,,,,,,19.450,20.490,19.730,18124800.000,-0.030467,19.620,19.760,857075.000,0.659,0.100,20.490,,-0.030467,0.005,0.005,0.006,0.006,0.004
25487,2001/08/02,,11,1,7299,15131310,CD,CENDANT CORP,,,,N,A,R,6391,53938,3,6531,05377410,,,,,,,,,,,,,,,,,,,,,,,,,19.100,19.750,19.500,10738100.000,-0.011657,19.410,19.560,857075.000,0.659,0.100,19.690,,-0.011657,0.003,0.003,0.003,0.002,0.004
25487,2001/08/03,,11,1,7299,15131310,CD,CENDANT CORP,,,,N,A,R,6391,53938,3,6531,05377410,,,,,,,,,,,,,,,,,,,,,,,,,19.100,19.510,19.500,6890300.000,0.000000,19.390,19.530,857075.000,0.659,0.100,19.500,,0.000000,-0.005,-0.005,0.001,0.000,-0.005
25487,2001/08/06,,11,1,7299,15131310,CD,CENDANT CORP,,,,N,A,R,6391,53938,3,6531,05377410,,,,,,,,,,,,,,,,,,,,,,,,,19.430,19.720,19.590,4081800.000,0.004615,19.510,19.670,857075.000,0.659,0.100,19.550,,0.004615,-0.011,-0.011,-0.006,-0.006,-0.011
25487,2001/08/07,,11,1,7299,15131310,CD,CENDANT CORP,,,,N,A,R,6391,53938,3,6531,05377410,,,,,,,,,,,,,,,,,,,,,,,,,19.410,20.000,20.000,6859600.000,0.020929,19.870,20.000,857075.000,0.659,0.100,19.510,,0.020929,0.002,0.002,-0.000,-0.000,0.003
25487,2001/08/08,,11,1,7299,15131310,CD,CENDANT CORP,,,,N,A,R,6391,53938,3,6531,05377410,,,,,,,,,,,,,,,,,,,,,,,,,19.610,20.060,19.870,8462000.000,-0.006500,19.730,19.900,857075.000,0.659,0.100,19.850,,-0.006500,-0.017,-0.017,-0.010,-0.010,-0.017
25487,2001/08/09,,11,1,7299,15131310,CD,CENDANT CORP,,,,N,A,R,6391,53938,3,6531,05377410,,,,,,,,,,,,,,,,,,,,,,,,,19.320,20.000,19.380,7080700.000,-0.024660,19.280,19.430,857075.000,0.659,0.100,19.710,,-0.024660,-0.000,-0.000,-0.001,-0.001,-0.000
25487,2001/08/10,,11,1,7299,15131310,CD,CENDANT CORP,,,,N,A,R,6391,53938,3,6531,05377410,,,,,,,,,,,,,,,,,,,,,,,,,18.500,19.360,19.200,6882500.000,-0.009288,19.120,19.300,857075.000,0.659,0.100,19.250,,-0.009288,0.004,0.004,0.001,0.001,0.006
25487,2001/08/13,,11,1,7299,15131310,CD,CENDANT CORP,,,,N,A,R,6391,53938,3,6531,05377410,,,,,,,,,,,,,,,,,,,,,,,,,19.000,19.740,19.620,8758300.000,0.021875,19.530,19.680,857075.000,0.659,0.100,19.210,,0.021875,0.002,0.002,0.003,0.002,0.001
25487,2001/08/14,,11,1,7299,15131310,CD,CENDANT CORP,,,,N,A,R,6391,53938,3,6531,05377410,,,,,,,,,,,,,,,,,,,,,,,,,19.670,20.150,19.950,7149700.000,0.016820,19.850,20.000,857075.000,0.659,0.100,19.700,,0.016820,-0.002,-0.002,0.002,0.002,-0.004
25487,2001/08/15,,11,1,7299,15131310,CD,CENDANT CORP,,,,N,A,R,6391,53938,3,6531,05377410,,,,,,,,,,,,,,,,,,,,,,,,,19.900,20.320,20.310,6813600.000,0.018045,20.210,20.360,857075.000,0.659,0.100,19.950,,0.018045,-0.007,-0.007,-0.005,-0.005,-0.007
25487,2001/08/16,,11,1,7299,15131310,CD,CENDANT CORP,,,,N,A,R,6391,53938,3,6531,05377410,,,,,,,,,,,,,,,,,,,,,,,,,20.100,20.350,20.150,6425000.000,-0.007878,20.050,20.200,857075.000,0.659,0.100,20.250,,-0.007878,0.002,0.002,-0.002,-0.002,0.003
25487,2001/08/17,,11,1,7299,15131310,CD,CENDANT CORP,,,,N,A,R,6391,53938,3,6531,05377410,,,,,,,,,,,,,,,,,,,,,,,,,19.960,20.160,20.040,9999200.000,-0.005459,19.940,20.100,857075.000,0.659,0.100,20.150,,-0.005459,-0.016,-0.016,-0.007,-0.007,-0.017
25487,2001/08/20,,11,1,7299,15131310,CD,CENDANT CORP,,,,N,A,R,6391,53938,3,6531,05377410,,,,,,,,,,,,,,,,,,,,,,,,,19.750,20.040,20.030,4125400.000,-0.000499,20.000,20.010,857075.000,0.659,0.100,20.040,,-0.000499,0.007,0.007,-0.000,-0.000,0.008
25487,2001/08/21,,11,1,7299,15131310,CD,CENDANT CORP,,,,N,A,R,6391,53938,3,6531,05377410,,,,,,,,,,,,,,,,,,,,,,,,,19.970,20.660,20.520,10801000.000,0.024463,20.370,20.520,857075.000,0.659,0.100,20.100,,0.024463,-0.011,-0.011,-0.008,-0.008,-0.012
25487,2001/08/22,,11,1,7299,15131310,CD,CENDANT CORP,,,,N,A,R,6391,53938,3,6531,05377410,,,,,,,,,,,,,,,,,,,,,,,,,20.000,20.630,20.380,4605800.000,-0.006823,20.280,20.420,857075.000,0.659,0.100,20.560,,-0.006823,0.007,0.007,0.004,0.004,0.007
25487,2001/08/23,,11,1,7299,15131310,CD,CENDANT CORP,,,,N,A,R,6391,53938,3,6531,05377410,,,,,,,,,,,,,,,,,,,,,,,,,20.300,20.800,20.770,6597400.000,0.019136,20.710,20.800,857075.000,0.659,0.100,20.380,,0.019136,-0.003,-0.003,-0.004,-0.004,-0.003
25487,2001/08/24,,11,1,7299,15131310,CD,CENDANT CORP,,,,N,A,R,6391,53938,3,6531,05377410,,,,,,,,,,,,,,,,,,,,,,,,,20.550,20.800,20.610,5322600.000,-0.007703,20.530,20.670,857075.000,0.659,0.100,20.770,,-0.007703,0.018,0.018,0.011,0.011,0.020
25487,2001/08/27,,11,1,7299,15131310,CD,CENDANT CORP,,,,N,A,R,6391,53938,3,6531,05377410,,,,,,,,,,,,,,,,,,,,,,,,,20.070,20.610,20.120,3499300.000,-0.023775,20.040,20.150,857075.000,0.659,0.100,20.610,,-0.023775,-0.004,-0.004,-0.002,-0.002,-0.005
25487,2001/08/28,,11,1,7299,15131310,CD,CENDANT CORP,,,,N,A,R,6391,53938,3,6531,05377410,,,,,,,,,,,,,,,,,,,,,,,,,19.540,19.990,19.700,5792900.000,-0.020875,19.670,19.760,857075.000,0.659,0.100,19.910,,-0.020875,-0.014,-0.014,-0.007,-0.007,-0.015
25487,2001/08/29,,11,1,7299,15131310,CD,CENDANT CORP,,,,N,A,R,6391,53938,3,6531,05377410,,,,,,,,,,,,,,,,,,,,,,,,,19.300,19.870,19.350,3437500.000,-0.017767,19.280,19.440,857075.000,0.659,0.100,19.690,,-0.017767,-0.010,-0.010,-0.003,-0.003,-0.011
25487,2001/08/30,,11,1,7299,15131310,CD,CENDANT CORP,,,,N,A,R,6391,53938,3,6531,05377410,,,,,,,,,,,,,,,,,,,,,,,,,18.510,19.400,19.050,6969100.000,-0.015504,18.960,19.110,857075.000,0.659,0.100,19.120,,-0.015504,-0.016,-0.016,-0.009,-0.009,-0.017
25487,2001/08/31,,11,1,7299,15131310,CD,CENDANT CORP,,,,N,A,R,6391,53938,3,6531,05377410,,,,,,,,0.000,,,,,,,,,,,,,5.000,2.000,14.000,1.000,18.700,19.240,19.070,4231300.000,0.001050,19.030,19.180,858063.000,0.659,0.100,18.920,,0.001050,0.004,0.004,0.006,0.006,0.004
25487,2001/09/04,,11,1,7299,15131310,CD,CENDANT CORP,,,,N,A,R,6391,53938,3,6531,05377410,,,,,,,,,,,,,,,,,,,,,,,,,18.810,19.250,18.870,3078700.000,-0.010488,18.800,18.940,858063.000,0.659,0.100,19.250,,-0.010488,-0.002,-0.002,-0.006,-0.006,-0.001
25487,2001/09/05,,11,1,7299,15131310,CD,CENDANT CORP,,,,N,A,R,6391,53938,3,6531,05377410,,,,,,,,,,,,,,,,,,,,,,,,,18.330,18.970,18.600,8263500.000,-0.014308,18.500,18.660,858063.000,0.659,0.100,18.870,,-0.014308,-0.003,-0.003,-0.009,-0.009,-0.001
25487,2001/09/06,,11,1,7299,15131310,CD,CENDANT CORP,,,,N,A,R,6391,53938,3,6531,05377410,,,,,,,,,,,,,,,,,,,,,,,,,18.190,18.590,18.260,5682000.000,-0.018280,18.190,18.330,858063.000,0.659,0.100,18.200,,-0.018280,-0.021,-0.021,-0.014,-0.014,-0.022
25487,2001/09/07,,11,1,7299,15131310,CD,CENDANT CORP,,,,N,A,R,6391,53938,3,6531,05377410,,,,,,,,,,,,,,,,,,,,,,,,,17.070,18.150,17.500,12213800.000,-0.041621,17.490,17.500,858063.000,0.659,0.100,18.020,,-0.041621,-0.018,-0.018,-0.012,-0.012,-0.019
25487,2001/09/10,,11,1,7299,15131310,CD,CENDANT CORP,,,,N,A,R,6391,53938,3,6531,05377410,,,,,,,,,,,,,,,,,,,,,,,,,17.130,17.890,17.760,8363000.000,0.014857,17.670,17.820,858063.000,0.659,0.100,17.250,,0.014857,0.004,0.004,-0.007,-0.007,0.006
25487,2001/09/17,,11,1,7299,15131310,CD,CENDANT CORP,,,,N,A,R,6391,53938,3,6531,05377410,,,,,,,,,,,,,,,,,,,,,,,,,12.910,18.000,14.400,38087500.000,-0.189189,14.420,14.570,858063.000,0.659,0.100,13.030,,-0.189189,-0.051,-0.051,-0.042,-0.043,-0.049
25487,2001/09/18,,11,1,7299,15131310,CD,CENDANT CORP,,,,N,A,R,6391,53938,3,6531,05377410,,,,,,,,,,,,,,,,,,,,,,,,,13.750,14.600,13.900,13901000.000,-0.034722,13.810,13.950,858063.000,0.659,0.100,13.900,,-0.034722,-0.008,-0.008,-0.010,-0.010,-0.006
25487,2001/09/19,,11,1,7299,15131310,CD,CENDANT CORP,,,,N,A,R,6391,53938,3,6531,05377410,,,,,,,,,,,,,,,,,,,,,,,,,12.200,14.090,12.500,24215100.000,-0.100719,12.410,12.560,858063.000,0.659,0.100,13.900,,-0.100719,-0.017,-0.017,-0.024,-0.024,-0.016
25487,2001/09/20,,11,1,7299,15131310,CD,CENDANT CORP,,,,N,A,R,6391,53938,3,6531,05377410,,,,,,,,,,,,,,,,,,,,,,,,,11.250,11.990,11.690,22281700.000,-0.064800,11.610,11.700,858063.000,0.659,0.100,11.900,,-0.064800,-0.031,-0.031,-0.033,-0.033,-0.031
25487,2001/09/21,,11,1,7299,15131310,CD,CENDANT CORP,,,,N,A,R,6391,53938,3,6531,05377410,,,,,,,,,,,,,,,,,,,,,,,,,10.600,11.690,11.030,13612500.000,-0.056458,10.920,11.060,858063.000,0.659,0.100,11.000,,-0.056458,-0.019,-0.019,-0.020,-0.020,-0.019
25487,2001/09/24,,11,1,7299,15131310,CD,CENDANT CORP,,,,N,A,R,6391,53938,3,6531,05377410,,,,,,,,,,,,,,,,,,,,,,,,,11.300,12.860,11.540,19876200.000,0.046238,11.510,11.610,858063.000,0.659,0.100,11.500,,0.046238,0.038,0.038,0.033,0.033,0.039
25487,2001/09/25,,11,1,7299,15131310,CD,CENDANT CORP,,,,N,A,R,6391,53938,3,6531,05377410,,,,,,,,,,,,,,,,,,,,,,,,,11.300,12.250,12.150,11415100.000,0.052860,12.050,12.210,858063.000,0.659,0.100,11.700,,0.052860,0.008,0.008,0.004,0.004,0.009
25487,2001/09/26,,11,1,7299,15131310,CD,CENDANT CORP,,,,N,A,R,6391,53938,3,6531,05377410,,,,,,,,,,,,,,,,,,,,,,,,,11.450,12.090,11.590,9870600.000,-0.046090,11.590,11.600,858063.000,0.659,0.100,12.050,,-0.046090,-0.006,-0.006,-0.010,-0.010,-0.005
25487,2001/09/27,,11,1,7299,15131310,CD,CENDANT CORP,,,,N,A,R,6391,53938,3,6531,05377410,,,,,,,,,,,,,,,,,,,,,,,,,11.060,11.750,11.440,12646800.000,-0.012942,11.280,11.540,858063.000,0.659,0.100,11.600,,-0.012942,0.011,0.011,-0.001,-0.001,0.011
25487,2001/09/28,,11,1,7299,15131310,CD,CENDANT CORP,,,,N,A,R,6391,53938,3,6531,05377410,,,,,,,,0.000,,,,,,,,,,,,,5.000,2.000,14.000,1.000,12.000,13.080,12.800,27054100.000,0.118881,12.750,12.800,858063.000,0.659,0.100,12.000,,0.118881,0.023,0.023,0.025,0.025,0.022
25487,2001/10/01,,11,1,7299,15131310,CD,CENDANT CORP,,,,N,A,R,6391,53938,3,6531,05377410,,,,,,,,,,,,,,,,,,,,,,,,,12.500,12.940,12.670,11388800.000,-0.010156,12.640,12.770,858063.000,0.659,0.100,12.800,,-0.010156,-0.004,-0.004,-0.010,-0.010,-0.002
25487,2001/10/02,,11,1,7299,15131310,CD,CENDANT CORP,,,,N,A,R,6391,53938,3,6531,05377410,,,,,,,,,,,,,,,,,,,,,,,,,11.810,12.650,12.180,14271200.000,-0.038674,12.060,12.280,858063.000,0.659,0.100,12.450,,-0.038674,0.012,0.012,0.007,0.007,0.012
25487,2001/10/03,,11,1,7299,15131310,CD,CENDANT CORP,,,,N,A,R,6391,53938,3,6531,05377410,,,,,,,,,,,,,,,,,,,,,,,,,12.350,13.150,12.900,15371100.000,0.059113,12.750,13.000,858063.000,0.659,0.100,12.540,,0.059113,0.022,0.022,0.021,0.021,0.020
25487,2001/10/04,,11,1,7299,15131310,CD,CENDANT CORP,,,,N,A,R,6391,53938,3,6531,05377410,,,,,,,,,,,,,,,,,,,,,,,,,12.900,13.280,13.170,11398300.000,0.020930,13.050,13.300,858063.000,0.659,0.100,13.250,,0.020930,-0.000,-0.000,0.011,0.011,-0.002
25487,2001/10/05,,11,1,7299,15131310,CD,CENDANT CORP,,,,N,A,R,6391,53938,3,6531,05377410,,,,,,,,,,,,,,,,,,,,,,,,,12.520,13.200,13.000,6676700.000,-0.012908,12.780,13.100,858063.000,0.659,0.100,13.170,,-0.012908,0.000,0.000,0.001,0.000,0.002
25487,2001/10/08,,11,1,7299,15131310,CD,CENDANT CORP,,,,N,A,R,6391,53938,3,6531,05377410,,,,,,,,,,,,,,,,,,,,,,,,,11.880,12.900,12.150,10179600.000,-0.065385,12.000,12.250,858063.000,0.659,0.100,12.900,,-0.065385,-0.008,-0.008,-0.002,-0.002,-0.008
25487,2001/10/09,,11,1,7299,15131310,CD,CENDANT CORP,,,,N,A,R,6391,53938,3,6531,05377410,,,,,,,,,,,,,,,,,,,,,,,,,11.920,12.450,12.040,8557100.000,-0.009053,11.960,12.140,858063.000,0.659,0.100,12.390,,-0.009053,-0.005,-0.005,-0.004,-0.004,-0.005
25487,2001/10/10,,11,1,7299,15131310,CD,CENDANT CORP,,,,N,A,R,6391,53938,3,6531,05377410,,,,,,,,,,,,,,,,,,,,,,,,,12.010,12.580,12.480,4936500.000,0.036545,12.420,12.580,858063.000,0.659,0.100,12.010,,0.036545,0.023,0.023,0.019,0.019,0.023
25487,2001/10/11,,11,1,7299,15131310,CD,CENDANT CORP,,,,N,A,R,6391,53938,3,6531,05377410,,,,,,,,,,,,,,,,,,,,,,,,,12.740,13.800,13.650,14869100.000,0.093750,13.540,13.750,858063.000,0.659,0.100,12.980,,0.093750,0.017,0.017,0.019,0.019,0.015
25487,2001/10/12,,11,1,7299,15131310,CD,CENDANT CORP,,,,N,A,R,6391,53938,3,6531,05377410,,,,,,,,,,,,,,,,,,,,,,,,,13.150,13.700,13.630,6702800.000,-0.001465,13.460,13.720,858063.000,0.659,0.100,13.350,,-0.001465,-0.005,-0.005,0.000,0.000,-0.005
25487,2001/10/15,,11,1,7299,15131310,CD,CENDANT CORP,,,,N,A,R,6391,53938,3,6531,05377410,,,,,,,,,,,,,,,,,,,,,,,,,12.950,13.549,13.050,8779300.000,-0.042553,13.000,13.070,858063.000,0.659,0.100,13.400,,-0.042553,-0.001,-0.001,0.003,0.003,-0.002
25487,2001/10/16,,11,1,7299,15131310,CD,CENDANT CORP,,,,N,A,R,6391,53938,3,6531,05377410,,,,,,,,,,,,,,,,,,,,,,,,,12.830,13.440,13.050,8950000.000,0.000000,12.950,13.150,858063.000,0.659,0.100,13.350,,0.000000,0.008,0.008,0.011,0.011,0.007
25487,2001/10/17,,11,1,7299,15131310,CD,CENDANT CORP,,,,N,A,R,6391,53938,3,6531,05377410,,,,,,,,,,,,,,,,,,,,,,,,,12.770,13.550,12.850,8460300.000,-0.015326,12.780,12.950,858063.000,0.659,0.100,13.550,,-0.015326,-0.019,-0.019,-0.006,-0.006,-0.019
25487,2001/10/18,,11,1,7299,15131310,CD,CENDANT CORP,,,,N,A,R,6391,53938,3,6531,05377410,,,,,,,,,,,,,,,,,,,,,,,,,12.560,13.100,13.030,5686500.000,0.014008,13.020,13.040,858063.000,0.659,0.100,12.850,,0.014008,-0.007,-0.007,-0.005,-0.005,-0.008
25487,2001/10/19,,11,1,7299,15131310,CD,CENDANT CORP,,,,N,A,R,6391,53938,3,6531,05377410,,,,,,,,,,,,,,,,,,,,,,,,,12.860,13.220,13.140,5498900.000,0.008442,13.080,13.240,858063.000,0.659,0.100,13.030,,0.008442,0.005,0.005,0.005,0.005,0.005
25487,2001/10/22,,11,1,7299,15131310,CD,CENDANT CORP,,,,N,A,R,6391,53938,3,6531,05377410,,,,,,,,,,,,,,,,,,,,,,,,,13.100,13.620,13.450,4971500.000,0.023592,13.350,13.550,858063.000,0.659,0.100,13.140,,0.023592,0.015,0.015,0.008,0.008,0.015
25487,2001/10/23,,11,1,7299,15131310,CD,CENDANT CORP,,,,N,A,R,6391,53938,3,6531,05377410,,,,,,,,,,,,,,,,,,,,,,,,,13.450,14.010,13.810,8353600.000,0.026766,13.740,13.920,858063.000,0.659,0.100,13.450,,0.026766,-0.004,-0.004,0.000,0.000,-0.005
25487,2001/10/24,,11,1,7299,15131310,CD,CENDANT CORP,,,,N,A,R,6391,53938,3,6531,05377410,,,,,,,,,,,,,,,,,,,,,,,,,13.310,14.550,13.750,12462800.000,-0.004345,13.710,13.860,858063.000,0.659,0.100,14.500,,-0.004345,0.001,0.001,0.004,0.004,0.000
25487,2001/10/25,,11,1,7299,15131310,CD,CENDANT CORP,,,,N,A,R,6391,53938,3,6531,05377410,,,,,,,,,,,,,,,,,,,,,,,,,13.280,13.710,13.600,7059700.000,-0.010909,13.470,13.750,858063.000,0.659,0.100,13.550,,-0.010909,0.014,0.014,0.011,0.011,0.014
25487,2001/10/26,,11,1,7299,15131310,CD,CENDANT CORP,,,,N,A,R,6391,53938,3,6531,05377410,,,,,,,,,,,,,,,,,,,,,,,,,13.530,14.040,13.850,5387500.000,0.018382,13.800,13.970,858063.000,0.659,0.100,13.590,,0.018382,0.004,0.004,0.007,0.007,0.004
25487,2001/10/29,,11,1,7299,15131310,CD,CENDANT CORP,,,,N,A,R,6391,53938,3,6531,05377410,,,,,,,,,,,,,,,,,,,,,,,,,13.250,13.950,13.410,4424600.000,-0.031769,13.200,13.470,858063.000,0.659,0.100,13.600,,-0.031769,-0.023,-0.023,-0.009,-0.009,-0.024
25487,2001/10/30,,11,1,7299,15131310,CD,CENDANT CORP,,,,N,A,R,6391,53938,3,6531,05377410,,,,,,,,,,,,,,,,,,,,,,,,,12.830,13.450,12.890,6207500.000,-0.038777,12.830,12.990,858063.000,0.659,0.100,13.310,,-0.038777,-0.017,-0.017,-0.011,-0.012,-0.017
25487,2001/10/31,,11,1,7299,15131310,CD,CENDANT CORP,,,,N,A,R,6391,53938,3,6531,05377410,,,,,,,,0.000,,,,,,,,,,,,,5.000,2.000,14.000,1.000,12.630,13.140,12.960,5248200.000,0.005431,12.850,13.060,974434.000,0.659,0.100,13.000,,0.005431,0.002,0.002,0.011,0.011,-0.000
25487,2001/11/01,,11,1,7299,15131310,CD,CENDANT CORP,,,,N,A,R,6391,53938,3,6531,05377410,,,,,,,,,,,,,,,,,,,,,,,,,12.800,13.480,13.370,5782300.000,0.031636,13.270,13.430,974434.000,0.659,0.100,13.000,,0.031636,0.021,0.021,0.009,0.009,0.023
25487,2001/11/02,,11,1,7299,15131310,CD,CENDANT CORP,,,,N,A,R,6391,53938,3,6531,05377410,,,,,,,,,,,,,,,,,,,,,,,,,13.020,13.460,13.460,3384700.000,0.006731,13.400,13.450,974434.000,0.659,0.100,13.370,,0.006731,0.002,0.002,-0.001,-0.001,0.003
25487,2001/11/05,,11,1,7299,15131310,CD,CENDANT CORP,,,,N,A,R,6391,53938,3,6531,05377410,,,,,,,,,,,,,,,,,,,,,,,,,13.400,13.940,13.770,6525000.000,0.023031,13.710,13.870,974434.000,0.659,0.100,13.460,,0.023031,0.014,0.014,0.008,0.008,0.014
25487,2001/11/06,,11,1,7299,15131310,CD,CENDANT CORP,,,,N,A,R,6391,53938,3,6531,05377410,,,,,,,,,,,,,,,,,,,,,,,,,13.670,13.980,13.850,7516200.000,0.005810,13.760,13.950,974434.000,0.659,0.100,13.850,,0.005810,0.014,0.014,0.007,0.007,0.015
25487,2001/11/07,,11,1,7299,15131310,CD,CENDANT CORP,,,,N,A,R,6391,53938,3,6531,05377410,,,,,,,,,,,,,,,,,,,,,,,,,13.780,13.990,13.940,6089700.000,0.006498,13.840,14.040,974434.000,0.659,0.100,13.850,,0.006498,-0.002,-0.002,0.001,0.001,-0.003
25487,2001/11/08,,11,1,7299,15131310,CD,CENDANT CORP,,,,N,A,R,6391,53938,3,6531,05377410,,,,,,,,,,,,,,,,,,,,,,,,,13.950,14.440,14.150,8038800.000,0.015065,14.150,14.290,974434.000,0.659,0.100,14.000,,0.015065,0.001,0.001,0.003,0.003,0.002
25487,2001/11/09,,11,1,7299,15131310,CD,CENDANT CORP,,,,N,A,R,6391,53938,3,6531,05377410,,,,,,,,,,,,,,,,,,,,,,,,,14.170,14.700,14.550,8746000.000,0.028269,14.500,14.660,974434.000,0.659,0.100,14.170,,0.028269,0.001,0.001,0.003,0.003,0.002
25487,2001/11/12,,11,1,7299,15131310,CD,CENDANT CORP,,,,N,A,R,6391,53938,3,6531,05377410,,,,,,,,,,,,,,,,,,,,,,,,,13.260,14.160,13.870,11445900.000,-0.046735,13.800,13.980,974434.000,0.659,0.100,14.160,,-0.046735,-0.001,-0.001,0.001,0.001,-0.002
25487,2001/11/13,,11,1,7299,15131310,CD,CENDANT CORP,,,,N,A,R,6391,53938,3,6531,05377410,,,,,,,,,,,,,,,,,,,,,,,,,13.890,14.150,14.100,4921500.000,0.016583,14.010,14.200,974434.000,0.659,0.100,13.900,,0.016583,0.019,0.018,0.014,0.014,0.019
25487,2001/11/14,,11,1,7299,15131310,CD,CENDANT CORP,,,,N,A,R,6391,53938,3,6531,05377410,,,,,,,,,,,,,,,,,,,,,,,,,14.260,15.040,14.840,11374100.000,0.052482,14.780,14.940,974434.000,0.659,0.100,14.280,,0.052482,0.003,0.003,0.008,0.007,0.002
25487,2001/11/15,,11,1,7299,15131310,CD,CENDANT CORP,,,,N,A,R,6391,53938,3,6531,05377410,,,,,,,,,,,,,,,,,,,,,,,,,14.700,15.960,15.730,17233900.000,0.059973,15.660,15.890,974434.000,0.659,0.100,14.850,,0.059973,0.000,0.000,0.000,0.000,0.001
25487,2001/11/16,,11,1,7299,15131310,CD,CENDANT CORP,,,,N,A,R,6391,53938,3,6531,05377410,,,,,,,,,,,,,,,,,,,,,,,,,15.950,16.450,16.150,13661600.000,0.026701,16.080,16.250,974434.000,0.659,0.100,16.090,,0.026701,-0.002,-0.002,0.006,0.006,-0.003
25487,2001/11/19,,11,1,7299,15131310,CD,CENDANT CORP,,,,N,A,R,6391,53938,3,6531,05377410,,,,,,,,,,,,,,,,,,,,,,,,,15.850,16.500,16.250,5733000.000,0.006192,16.160,16.350,974434.000,0.659,0.100,16.250,,0.006192,0.012,0.012,0.012,0.012,0.011
25487,2001/11/20,,11,1,7299,15131310,CD,CENDANT CORP,,,,N,A,R,6391,53938,3,6531,05377410,,,,,,,,,,,,,,,,,,,,,,,,,15.510,16.010,15.720,11727000.000,-0.032615,15.690,15.890,974434.000,0.659,0.100,15.550,,-0.032615,-0.008,-0.008,-0.005,-0.005,-0.007
25487,2001/11/21,,11,1,7299,15131310,CD,CENDANT CORP,,,,N,A,R,6391,53938,3,6531,05377410,,,,,,,,,,,,,,,,,,,,,,,,,15.560,16.000,16.000,5606600.000,0.017812,15.930,16.120,974434.000,0.659,0.100,15.900,,0.017812,-0.004,-0.005,0.000,0.000,-0.005
25487,2001/11/23,,11,1,7299,15131310,CD,CENDANT CORP,,,,N,A,R,6391,53938,3,6531,05377410,,,,,,,,,,,,,,,,,,,,,,,,,15.910,16.200,16.150,1579600.000,0.009375,16.080,16.270,974434.000,0.659,0.100,16.130,,0.009375,0.012,0.012,0.010,0.010,0.012
25487,2001/11/26,,11,1,7299,15131310,CD,CENDANT CORP,,,,N,A,R,6391,53938,3,6531,05377410,,,,,,,,,,,,,,,,,,,,,,,,,16.070,16.420,16.350,7098600.000,0.012384,16.300,16.400,974434.000,0.659,0.100,16.150,,0.012384,0.007,0.007,0.006,0.006,0.006
25487,2001/11/27,,11,1,7299,15131310,CD,CENDANT CORP,,,,N,A,R,6391,53938,3,6531,05377410,,,,,,,,,,,,,,,,,,,,,,,,,16.150,16.580,16.360,10570800.000,0.000612,16.300,16.460,974434.000,0.659,0.100,16.350,,0.000612,-0.005,-0.005,0.002,0.002,-0.007
25487,2001/11/28,,11,1,7299,15131310,CD,CENDANT CORP,,,,N,A,R,6391,53938,3,6531,05377410,,,,,,,,,,,,,,,,,,,,,,,,,16.260,16.560,16.350,7729700.000,-0.000611,16.240,16.550,974434.000,0.659,0.100,16.500,,-0.000611,-0.017,-0.018,-0.010,-0.010,-0.018
25487,2001/11/29,,11,1,7299,15131310,CD,CENDANT CORP,,,,N,A,R,6391,53938,3,6531,05377410,,,,,,,,,,,,,,,,,,,,,,,,,16.320,16.730,16.600,9179500.000,0.015291,16.450,16.540,974434.000,0.659,0.100,16.350,,0.015291,0.011,0.011,0.009,0.009,0.010
25487,2001/11/30,,11,1,7299,15131310,CD,CENDANT CORP,,,,N,A,R,6391,53938,3,6531,05377410,,,,,,,,0.000,,,,,,,,,,,,,5.000,2.000,14.000,1.000,16.530,17.220,17.040,17565300.000,0.026506,16.900,17.140,981498.000,0.659,0.100,16.600,,0.026506,-0.001,-0.001,0.001,0.001,-0.001
25487,2001/12/03,,11,1,7299,15131310,CD,CENDANT CORP,,,,N,A,R,6391,53938,3,6531,05377410,,,,,,,,,,,,,,,,,,,,,,,,,16.520,17.250,16.960,9649000.000,-0.004695,16.900,17.060,981498.000,0.659,0.100,17.040,,-0.004695,-0.008,-0.008,-0.007,-0.007,-0.008
25487,2001/12/04,,11,1,7299,15131310,CD,CENDANT CORP,,,,N,A,R,6391,53938,3,6531,05377410,,,,,,,,,,,,,,,,,,,,,,,,,16.900,17.490,17.350,8223200.000,0.022995,17.240,17.350,981498.000,0.659,0.100,16.960,,0.022995,0.015,0.015,0.012,0.012,0.013
25487,2001/12/05,,11,1,7299,15131310,CD,CENDANT CORP,,,,N,A,R,6391,53938,3,6531,05377410,,,,,,,,,,,,,,,,,,,,,,,,,17.570,17.900,17.790,13932200.000,0.025360,17.750,17.800,981498.000,0.659,0.100,17.700,,0.025360,0.023,0.023,0.017,0.017,0.022
25487,2001/12/06,,11,1,7299,15131310,CD,CENDANT CORP,,,,N,A,R,6391,53938,3,6531,05377410,,,,,,,,,,,,,,,,,,,,,,,,,17.820,18.590,18.300,13827700.000,0.028668,18.200,18.470,981498.000,0.659,0.100,17.870,,0.028668,-0.001,-0.001,0.006,0.006,-0.003
25487,2001/12/07,,11,1,7299,15131310,CD,CENDANT CORP,,,,N,A,R,6391,53938,3,6531,05377410,,,,,,,,,,,,,,,,,,,,,,,,,18.350,19.050,18.850,14590400.000,0.030055,18.720,18.950,981498.000,0.659,0.100,18.600,,0.030055,-0.007,-0.007,0.002,0.002,-0.008
25487,2001/12/10,,11,1,7299,15131310,CD,CENDANT CORP,,,,N,A,R,6391,53938,3,6531,05377410,,,,,,,,,,,,,,,,,,,,,,,,,18.450,18.980,18.610,7419100.000,-0.012732,18.450,18.680,981498.000,0.659,0.100,18.830,,-0.012732,-0.015,-0.015,-0.007,-0.007,-0.016
25487,2001/12/11,,11,1,7299,15131310,CD,CENDANT CORP,,,,N,A,R,6391,53938,3,6531,05377410,,,,,,,,,,,,,,,,,,,,,,,,,18.550,19.120,18.820,7690300.000,0.011284,18.650,18.920,981498.000,0.659,0.100,18.710,,0.011284,-0.002,-0.002,0.003,0.003,-0.003
25487,2001/12/12,,11,1,7299,15131310,CD,CENDANT CORP,,,,N,A,R,6391,53938,3,6531,05377410,,,,,,,,,,,,,,,,,,,,,,,,,18.840,19.450,19.110,13082500.000,0.015409,18.990,19.210,981498.000,0.659,0.100,18.990,,0.015409,0.001,0.000,0.002,0.002,0.000
25487,2001/12/13,,11,1,7299,15131310,CD,CENDANT CORP,,,,N,A,R,6391,53938,3,6531,05377410,,,,,,,,,,,,,,,,,,,,,,,,,18.550,19.010,18.730,6256800.000,-0.019885,18.400,18.800,981498.000,0.659,0.100,19.000,,-0.019885,-0.015,-0.015,-0.008,-0.008,-0.016
25487,2001/12/14,,11,1,7299,15131310,CD,CENDANT CORP,,,,N,A,R,6391,53938,3,6531,05377410,,,,,,,,,,,,,,,,,,,,,,,,,18.400,18.830,18.740,5189000.000,0.000534,18.430,18.940,981498.000,0.659,0.100,18.630,,0.000534,0.003,0.003,0.002,0.002,0.003
25487,2001/12/17,,11,1,7299,15131310,CD,CENDANT CORP,,,,N,A,R,6391,53938,3,6531,05377410,,,,,,,,,,,,,,,,,,,,,,,,,18.650,19.450,19.050,7327800.000,0.016542,18.770,19.290,981498.000,0.659,0.100,18.700,,0.016542,0.010,0.010,0.005,0.005,0.010
25487,2001/12/18,,11,1,7299,15131310,CD,CENDANT CORP,,,,N,A,R,6391,53938,3,6531,05377410,,,,,,,,,,,,,,,,,,,,,,,,,19.220,19.580,19.500,9841900.000,0.023622,19.300,19.750,981498.000,0.659,0.100,19.300,,0.023622,0.008,0.008,0.007,0.007,0.008
25487,2001/12/19,,11,1,7299,15131310,CD,CENDANT CORP,,,,N,A,R,6391,53938,3,6531,05377410,,,,,,,,,,,,,,,,,,,,,,,,,19.320,19.860,19.450,8423300.000,-0.002564,19.410,19.760,981498.000,0.659,0.100,19.350,,-0.002564,0.004,0.004,-0.003,-0.003,0.006
25487,2001/12/20,,11,1,7299,15131310,CD,CENDANT CORP,,,,N,A,R,6391,53938,3,6531,05377410,,,,,,,,,,,,,,,,,,,,,,,,,19.400,19.780,19.450,4976800.000,0.000000,19.280,19.820,981498.000,0.659,0.100,19.550,,0.000000,-0.009,-0.009,-0.009,-0.009,-0.008
25487,2001/12/21,,11,1,7299,15131310,CD,CENDANT CORP,,,,N,A,R,6391,53938,3,6531,05377410,,,,,,,,,,,,,,,,,,,,,,,,,19.330,19.960,19.600,6888300.000,0.007712,19.310,19.850,981498.000,0.659,0.100,19.950,,0.007712,0.006,0.006,0.010,0.010,0.004
25487,2001/12/24,,11,1,7299,15131310,CD,CENDANT CORP,,,,N,A,R,6391,53938,3,6531,05377410,,,,,,,,,,,,,,,,,,,,,,,,,18.960,19.450,18.990,5603000.000,-0.031122,18.980,18.990,981498.000,0.659,0.100,19.250,,-0.031122,0.000,0.000,0.004,0.004,-0.000
25487,2001/12/26,,11,1,7299,15131310,CD,CENDANT CORP,,,,N,A,R,6391,53938,3,6531,05377410,,,,,,,,,,,,,,,,,,,,,,,,,18.720,19.150,19.090,6070100.000,0.005266,18.820,19.330,981498.000,0.659,0.100,18.980,,0.005266,0.005,0.005,0.007,0.007,0.004
25487,2001/12/27,,11,1,7299,15131310,CD,CENDANT CORP,,,,N,A,R,6391,53938,3,6531,05377410,,,,,,,,,,,,,,,,,,,,,,,,,18.950,19.500,19.490,4094400.000,0.020953,19.160,19.490,981498.000,0.659,0.100,19.000,,0.020953,0.007,0.007,0.008,0.008,0.007
25487,2001/12/28,,11,1,7299,15131310,CD,CENDANT CORP,,,,N,A,R,6391,53938,3,6531,05377410,,,,,,,,,,,,,,,,,,,,,,,,,19.400,19.840,19.810,3593400.000,0.016419,19.500,20.000,981498.000,0.659,0.100,19.490,,0.016419,0.004,0.004,0.009,0.009,0.003
25487,2001/12/31,,11,1,7299,15131310,CD,CENDANT CORP,,,,N,A,R,6391,53938,3,6531,05377410,,,,,,,,0.000,,,,,,,,,,,,,5.000,2.000,14.000,1.000,19.610,20.000,19.610,6055400.000,-0.010096,19.370,19.610,981499.000,0.659,0.100,19.770,,-0.010096,-0.010,-0.010,0.007,0.007,-0.011
25487,2002/01/02,2004/02/16,11,1,7299,15131310,CD,CENDANT CORP,,CD,,N,A,R,6391,53938,3,6531,05377410,,,,,,,,2.000,65.000,653.000,,,,,,,,,,,5.000,2.000,14.000,1.000,19.000,19.589,19.300,5787800.000,-0.015808,19.000,19.550,981499.000,0.659,0.100,19.500,,-0.015808,0.004,0.004,0.008,0.008,0.006
25487,2002/01/03,,11,1,7299,15131310,CD,CENDANT CORP,,CD,,N,A,R,6391,53938,3,6531,05377410,,,,,,,,,65.000,653.000,,,,,,,,,,,,,,,18.890,19.290,19.170,8233600.000,-0.006736,18.820,19.090,981499.000,0.659,0.100,19.050,,-0.006736,0.010,0.010,0.013,0.013,0.009
25487,2002/01/04,,11,1,7299,15131310,CD,CENDANT CORP,,CD,,N,A,R,6391,53938,3,6531,05377410,,,,,,,,,65.000,653.000,,,,,,,,,,,,,,,18.920,19.260,19.120,5830500.000,-0.002608,18.990,19.200,981499.000,0.659,0.100,19.200,,-0.002608,0.007,0.007,0.011,0.011,0.006
25487,2002/01/07,,11,1,7299,15131310,CD,CENDANT CORP,,CD,,N,A,R,6391,53938,3,6531,05377410,,,,,,,,,65.000,653.000,,,,,,,,,,,,,,,18.930,19.260,19.040,3770000.000,-0.004184,18.900,19.280,981499.000,0.659,0.100,19.220,,-0.004184,-0.007,-0.007,-0.000,-0.000,-0.006
25487,2002/01/08,,11,1,7299,15131310,CD,CENDANT CORP,,CD,,N,A,R,6391,53938,3,6531,05377410,,,,,,,,,65.000,653.000,,,,,,,,,,,,,,,18.600,18.990,18.700,4528400.000,-0.017857,18.500,18.950,981499.000,0.659,0.100,18.910,,-0.017857,-0.002,-0.003,0.005,0.005,-0.004
25487,2002/01/09,,11,1,7299,15131310,CD,CENDANT CORP,,CD,,N,A,R,6391,53938,3,6531,05377410,,,,,,,,,65.000,653.000,,,,,,,,,,,,,,,18.700,19.230,19.050,6854600.000,0.018716,18.700,19.350,981499.000,0.659,0.100,18.750,,0.018716,-0.004,-0.004,0.001,0.001,-0.005
25487,2002/01/10,,11,1,7299,15131310,CD,CENDANT CORP,,CD,,N,A,R,6391,53938,3,6531,05377410,,,,,,,,,65.000,653.000,,,,,,,,,,,,,,,18.720,19.290,19.240,7832800.000,0.009974,18.910,19.550,981499.000,0.659,0.100,19.050,,0.009974,0.001,0.001,0.000,0.000,0.001
25487,2002/01/11,,11,1,7299,15131310,CD,CENDANT CORP,,CD,,N,A,R,6391,53938,3,6531,05377410,,,,,,,,,65.000,653.000,,,,,,,,,,,,,,,18.950,19.250,19.150,5917000.000,-0.004678,19.020,19.400,981499.000,0.659,0.100,19.240,,-0.004678,-0.009,-0.009,-0.004,-0.004,-0.009
25487,2002/01/14,,11,1,7299,15131310,CD,CENDANT CORP,,CD,,N,A,R,6391,53938,3,6531,05377410,,,,,,,,,65.000,653.000,,,,,,,,,,,,,,,18.760,19.020,18.880,4870200.000,-0.014099,18.620,19.140,981499.000,0.659,0.100,19.000,,-0.014099,-0.008,-0.008,-0.010,-0.010,-0.006
25487,2002/01/15,,11,1,7299,15131310,CD,CENDANT CORP,,CD,,N,A,R,6391,53938,3,6531,05377410,,,,,,,,,65.000,653.000,,,,,,,,,,,,,,,18.890,19.120,18.980,4657800.000,0.005297,18.690,19.220,981499.000,0.659,0.100,18.940,,0.005297,0.006,0.006,0.001,0.001,0.007
25487,2002/01/16,,11,1,7299,15131310,CD,CENDANT CORP,,CD,,N,A,R,6391,53938,3,6531,05377410,,,,,,,,,65.000,653.000,,,,,,,,,,,,,,,18.860,19.240,19.010,4226300.000,0.001581,18.750,19.260,981499.000,0.659,0.100,18.980,,0.001581,-0.016,-0.016,-0.011,-0.011,-0.016
25487,2002/01/17,,11,1,7299,15131310,CD,CENDANT CORP,,CD,,N,A,R,6391,53938,3,6531,05377410,,,,,,,,,65.000,653.000,,,,,,,,,,,,,,,19.000,19.250,19.220,5410300.000,0.011047,18.960,19.470,981499.000,0.659,0.100,19.000,,0.011047,0.010,0.010,0.007,0.007,0.010
25487,2002/01/18,,11,1,7299,15131310,CD,CENDANT CORP,,CD,,N,A,R,6391,53938,3,6531,05377410,,,,,,,,,65.000,653.000,,,,,,,,,,,,,,,19.000,19.320,19.050,3993300.000,-0.008845,18.800,19.310,981499.000,0.659,0.100,19.200,,-0.008845,-0.010,-0.010,-0.006,-0.006,-0.010
25487,2002/01/22,,11,1,7299,15131310,CD,CENDANT CORP,,CD,,N,A,R,6391,53938,3,6531,05377410,,,,,,,,,65.000,653.000,,,,,,,,,,,,,,,19.200,19.550,19.480,5734500.000,0.022572,19.210,19.730,981499.000,0.659,0.100,19.380,,0.022572,-0.008,-0.008,-0.008,-0.008,-0.007
25487,2002/01/23,,11,1,7299,15131310,CD,CENDANT CORP,,CD,,N,A,R,6391,53938,3,6531,05377410,,,,,,,,,65.000,653.000,,,,,,,,,,,,,,,19.010,19.490,19.200,4577700.000,-0.014374,19.060,19.350,981499.000,0.659,0.100,19.480,,-0.014374,0.009,0.009,0.008,0.008,0.008
25487,2002/01/24,,11,1,7299,15131310,CD,CENDANT CORP,,CD,,N,A,R,6391,53938,3,6531,05377410,,,,,,,,,65.000,653.000,,,,,,,,,,,,,,,18.800,19.300,18.870,7815500.000,-0.017187,18.750,19.120,981499.000,0.659,0.100,19.170,,-0.017187,0.004,0.004,0.006,0.006,0.004
25487,2002/01/25,,11,1,7299,15131310,CD,CENDANT CORP,,CD,,N,A,R,6391,53938,3,6531,05377410,,,,,,,,,65.000,653.000,,,,,,,,,,,,,,,18.380,19.050,18.450,7487300.000,-0.022258,18.380,18.650,981499.000,0.659,0.100,19.020,,-0.022258,0.001,0.001,0.000,0.000,0.001
25487,2002/01/28,,11,1,7299,15131310,CD,CENDANT CORP,,CD,,N,A,R,6391,53938,3,6531,05377410,,,,,,,,,65.000,653.000,,,,,,,,,,,,,,,18.170,18.690,18.350,8662400.000,-0.005420,18.070,18.580,981499.000,0.659,0.100,18.500,,-0.005420,0.000,0.000,0.000,0.000,-0.000
25487,2002/01/29,,11,1,7299,15131310,CD,CENDANT CORP,,CD,,N,A,R,6391,53938,3,6531,05377410,,,,,,,,,65.000,653.000,,,,,,,,,,,,,,,15.240,18.120,16.520,53803100.000,-0.099728,16.560,16.700,981499.000,0.659,0.100,18.050,,-0.099728,-0.025,-0.025,-0.011,-0.012,-0.029
25487,2002/01/30,,11,1,7299,15131310,CD,CENDANT CORP,,CD,,N,A,R,6391,53938,3,6531,05377410,,,,,,,,,65.000,653.000,,,,,,,,,,,,,,,14.170,16.250,16.050,47558500.000,-0.028450,15.790,16.340,981499.000,0.659,0.100,15.510,,-0.028450,0.010,0.010,0.004,0.004,0.012
25487,2002/01/31,,11,1,7299,15131310,CD,CENDANT CORP,,CD,,N,A,R,6391,53938,3,6531,05377410,,,,,,,,0.000,65.000,653.000,,,,,,,,,,,5.000,2.000,14.000,1.000,16.250,17.480,17.480,17473900.000,0.089097,17.400,17.500,981500.000,0.659,0.100,16.420,,0.089097,0.013,0.013,0.010,0.009,0.015
25487,2002/02/01,,11,1,7299,15131310,CD,CENDANT CORP,,CD,,N,A,R,6391,53938,3,6531,05377410,,,,,,,,,65.000,653.000,,,,,,,,,,,,,,,16.490,17.180,16.600,9942200.000,-0.050343,16.280,16.800,981500.000,0.659,0.100,17.100,,-0.050343,-0.006,-0.006,-0.002,-0.002,-0.007
25487,2002/02/04,,11,1,7299,15131310,CD,CENDANT CORP,,CD,,N,A,R,6391,53938,3,6531,05377410,,,,,,,,,65.000,653.000,,,,,,,,,,,,,,,15.550,16.300,15.880,12235300.000,-0.043374,15.620,15.880,981500.000,0.659,0.100,16.250,,-0.043374,-0.024,-0.024,-0.016,-0.016,-0.025
25487,2002/02/05,,11,1,7299,15131310,CD,CENDANT CORP,,CD,,N,A,R,6391,53938,3,6531,05377410,,,,,,,,,65.000,653.000,,,,,,,,,,,,,,,15.050,16.080,15.350,11246300.000,-0.033375,15.020,15.540,981500.000,0.659,0.100,15.650,,-0.033375,-0.005,-0.005,-0.008,-0.008,-0.004
25487,2002/02/06,,11,1,7299,15131310,CD,CENDANT CORP,,CD,,N,A,R,6391,53938,3,6531,05377410,,,,,,,,,65.000,653.000,,,,,,,,,,,,,,,14.860,15.970,15.570,9945300.000,0.014332,15.500,15.850,981500.000,0.659,0.100,15.750,,0.014332,-0.007,-0.007,-0.010,-0.010,-0.006
25487,2002/02/07,,11,1,7299,15131310,CD,CENDANT CORP,,CD,,N,A,R,6391,53938,3,6531,05377410,,,,,,,,,65.000,653.000,,,,,,,,,,,,,,,15.210,16.230,16.020,13637400.000,0.028902,15.900,16.030,981500.000,0.659,0.100,15.750,,0.028902,-0.004,-0.004,-0.006,-0.006,-0.003
25487,2002/02/08,,11,1,7299,15131310,CD,CENDANT CORP,,CD,,N,A,R,6391,53938,3,6531,05377410,,,,,,,,,65.000,653.000,,,,,,,,,,,,,,,16.080,16.630,16.520,5326100.000,0.031211,16.260,16.770,981500.000,0.659,0.100,16.200,,0.031211,0.016,0.016,0.012,0.012,0.015
25487,2002/02/11,,11,1,7299,15131310,CD,CENDANT CORP,,CD,,N,A,R,6391,53938,3,6531,05377410,,,,,,,,,65.000,653.000,,,,,,,,,,,,,,,16.100,16.850,16.740,7110100.000,0.013317,16.680,16.950,981500.000,0.659,0.100,16.420,,0.013317,0.013,0.013,0.008,0.008,0.014
25487,2002/02/12,,11,1,7299,15131310,CD,CENDANT CORP,,CD,,N,A,R,6391,53938,3,6531,05377410,,,,,,,,,65.000,653.000,,,,,,,,,,,,,,,16.260,16.770,16.270,5040600.000,-0.028076,16.000,16.450,981500.000,0.659,0.100,16.770,,-0.028076,-0.003,-0.003,-0.000,-0.000,-0.004
25487,2002/02/13,,11,1,7299,15131310,CD,CENDANT CORP,,CD,,N,A,R,6391,53938,3,6531,05377410,,,,,,,,,65.000,653.000,,,,,,,,,,,,,,,16.330,16.750,16.550,4687400.000,0.017210,16.230,16.750,981500.000,0.659,0.100,16.350,,0.017210,0.010,0.009,0.006,0.006,0.010
25487,2002/02/14,,11,1,7299,15131310,CD,CENDANT CORP,,CD,,N,A,R,6391,53938,3,6531,05377410,,,,,,,,,65.000,653.000,,,,,,,,,,,,,,,16.390,16.980,16.480,5000300.000,-0.004230,16.180,16.700,981500.000,0.659,0.100,16.550,,-0.004230,-0.002,-0.003,-0.005,-0.005,-0.002
25487,2002/02/15,,11,1,7299,15131310,CD,CENDANT CORP,,CD,,N,A,R,6391,53938,3,6531,05377410,,,,,,,,,65.000,653.000,,,,,,,,,,,,,,,16.040,16.570,16.140,4416000.000,-0.020631,15.870,16.400,981500.000,0.659,0.100,16.300,,-0.020631,-0.010,-0.010,-0.004,-0.004,-0.011
25487,2002/02/19,,11,1,7299,15131310,CD,CENDANT CORP,,CD,,N,A,R,6391,53938,3,6531,05377410,,,,,,,,,65.000,653.000,,,,,,,,,,,,,,,15.650,16.340,15.660,4123200.000,-0.029740,15.510,15.920,981500.000,0.659,0.100,16.240,,-0.029740,-0.019,-0.019,-0.015,-0.015,-0.019
25487,2002/02/20,,11,1,7299,15131310,CD,CENDANT CORP,,CD,,N,A,R,6391,53938,3,6531,05377410,,,,,,,,,65.000,653.000,,,,,,,,,,,,,,,15.550,16.180,16.160,10822000.000,0.031928,15.880,16.400,981500.000,0.659,0.100,15.670,,0.031928,0.013,0.013,0.005,0.005,0.014
25487,2002/02/21,,11,1,7299,15131310,CD,CENDANT CORP,,CD,,N,A,R,6391,53938,3,6531,05377410,,,,,,,,,65.000,653.000,,,,,,,,,,,,,,,15.410,16.050,15.750,5801800.000,-0.025371,15.560,16.010,981500.000,0.659,0.100,15.410,,-0.025371,-0.015,-0.015,-0.009,-0.009,-0.016
25487,2002/02/22,,11,1,7299,15131310,CD,CENDANT CORP,,CD,,N,A,R,6391,53938,3,6531,05377410,,,,,,,,,65.000,653.000,,,,,,,,,,,,,,,15.450,15.870,15.680,3980200.000,-0.004444,15.650,15.800,981500.000,0.659,0.100,15.550,,-0.004444,0.007,0.007,0.004,0.004,0.008
25487,2002/02/25,,11,1,7299,15131310,CD,CENDANT CORP,,CD,,N,A,R,6391,53938,3,6531,05377410,,,,,,,,,65.000,653.000,,,,,,,,,,,,,,,15.510,16.170,15.980,7859800.000,0.019133,15.980,15.990,981500.000,0.659,0.100,15.510,,0.019133,0.016,0.016,0.005,0.005,0.018
25487,2002/02/26,,11,1,7299,15131310,CD,CENDANT CORP,,CD,,N,A,R,6391,53938,3,6531,05377410,,,,,,,,,65.000,653.000,,,,,,,,,,,,,,,16.010,16.630,16.590,7057400.000,0.038173,16.280,16.810,981500.000,0.659,0.100,16.130,,0.038173,0.001,0.001,0.003,0.003,-0.000
25487,2002/02/27,,11,1,7299,15131310,CD,CENDANT CORP,,CD,,N,A,R,6391,53938,3,6531,05377410,,,,,,,,,65.000,653.000,,,,,,,,,,,,,,,16.700,17.600,17.510,11443700.000,0.055455,17.290,17.860,981500.000,0.659,0.100,16.800,,0.055455,0.001,0.001,0.003,0.003,0.000
25487,2002/02/28,,11,1,7299,15131310,CD,CENDANT CORP,,CD,,N,A,R,6391,53938,3,6531,05377410,,,,,,,,0.000,65.000,653.000,,,,,,,,,,,5.000,2.000,14.000,1.000,17.350,17.900,17.410,8589300.000,-0.005711,17.160,17.680,977708.000,0.659,0.100,17.650,,-0.005711,-0.003,-0.003,-0.001,-0.001,-0.003
25487,2002/03/01,,11,1,7299,15131310,CD,CENDANT CORP,,CD,,N,A,R,6391,53938,3,6531,05377410,,,,,,,,,65.000,653.000,,,,,,,,,,,,,,,17.680,18.320,18.230,8337000.000,0.047099,17.960,18.480,977708.000,0.659,0.100,17.750,,0.047099,0.022,0.022,0.012,0.012,0.023
25487,2002/03/04,,11,1,7299,15131310,CD,CENDANT CORP,,CD,,N,A,R,6391,53938,3,6531,05377410,,,,,,,,,65.000,653.000,,,,,,,,,,,,,,,18.060,18.560,18.300,7131200.000,0.003840,18.030,18.550,977708.000,0.659,0.100,18.220,,0.003840,0.020,0.020,0.015,0.015,0.019
25487,2002/03/05,,11,1,7299,15131310,CD,CENDANT CORP,,CD,,N,A,R,6391,53938,3,6531,05377410,,,,,,,,,65.000,653.000,,,,,,,,,,,,,,,17.980,18.620,18.460,6279100.000,0.008743,18.200,18.720,977708.000,0.659,0.100,18.300,,0.008743,-0.005,-0.005,0.003,0.003,-0.007
25487,2002/03/06,,11,1,7299,15131310,CD,CENDANT CORP,,CD,,N,A,R,6391,53938,3,6531,05377410,,,,,,,,,65.000,653.000,,,,,,,,,,,,,,,18.360,18.980,18.790,6234300.000,0.017877,18.750,18.800,977708.000,0.659,0.100,18.400,,0.017877,0.014,0.014,0.013,0.012,0.015
25487,2002/03/07,,11,1,7299,15131310,CD,CENDANT CORP,,CD,,N,A,R,6391,53938,3,6531,05377410,,,,,,,,,65.000,653.000,,,,,,,,,,,,,,,18.050,19.000,18.360,8053400.000,-0.022885,18.080,18.620,977708.000,0.659,0.100,18.950,,-0.022885,-0.004,-0.004,0.004,0.004,-0.004
25487,2002/03/08,,11,1,7299,15131310,CD,CENDANT CORP,,CD,,N,A,R,6391,53938,3,6531,05377410,,,,,,,,,65.000,653.000,,,,,,,,,,,,,,,18.410,18.750,18.490,4976100.000,0.007081,18.240,18.750,977708.000,0.659,0.100,18.500,,0.007081,0.007,0.007,0.009,0.009,0.006
25487,2002/03/11,,11,1,7299,15131310,CD,CENDANT CORP,,CD,,N,A,R,6391,53938,3,6531,05377410,,,,,,,,,65.000,653.000,,,,,,,,,,,,,,,18.100,18.550,18.440,4081600.000,-0.002704,18.150,18.670,977708.000,0.659,0.100,18.500,,-0.002704,0.003,0.003,0.005,0.005,0.003
25487,2002/03/12,,11,1,7299,15131310,CD,CENDANT CORP,,CD,,N,A,R,6391,53938,3,6531,05377410,,,,,,,,,65.000,653.000,,,,,,,,,,,,,,,18.100,18.500,18.440,5770400.000,0.000000,18.170,18.500,977708.000,0.659,0.100,18.250,,0.000000,-0.003,-0.003,-0.003,-0.003,-0.002
25487,2002/03/13,,11,1,7299,15131310,CD,CENDANT CORP,,CD,,N,A,R,6391,53938,3,6531,05377410,,,,,,,,,65.000,653.000,,,,,,,,,,,,,,,18.100,18.360,18.240,4437400.000,-0.010846,17.970,18.250,977708.000,0.659,0.100,18.360,,-0.010846,-0.009,-0.009,-0.003,-0.004,-0.010
25487,2002/03/14,,11,1,7299,15131310,CD,CENDANT CORP,,CD,,N,A,R,6391,53938,3,6531,05377410,,,,,,,,,65.000,653.000,,,,,,,,,,,,,,,18.210,18.750,18.690,4766600.000,0.024671,18.400,18.920,977708.000,0.659,0.100,18.250,,0.024671,-0.000,-0.000,0.004,0.004,-0.001
25487,2002/03/15,,11,1,7299,15131310,CD,CENDANT CORP,,CD,,N,A,R,6391,53938,3,6531,05377410,,,,,,,,,65.000,653.000,,,,,,,,,,,,,,,18.690,18.990,18.860,5957500.000,0.009096,18.600,19.110,977708.000,0.659,0.100,18.740,,0.009096,0.010,0.010,0.005,0.005,0.011
25487,2002/03/18,,11,1,7299,15131310,CD,CENDANT CORP,,CD,,N,A,R,6391,53938,3,6531,05377410,,,,,,,,,65.000,653.000,,,,,,,,,,,,,,,19.020,19.350,19.250,6531300.000,0.020679,18.890,19.440,977708.000,0.659,0.100,19.060,,0.020679,0.001,0.001,0.005,0.005,-0.001
25487,2002/03/19,,11,1,7299,15131310,CD,CENDANT CORP,,CD,,N,A,R,6391,53938,3,6531,05377410,,,,,,,,,65.000,653.000,,,,,,,,,,,,,,,19.270,20.000,19.990,12926500.000,0.038442,19.680,20.210,977708.000,0.659,0.100,19.270,,0.038442,0.003,0.003,0.003,0.003,0.004
25487,2002/03/20,,11,1,7299,15131310,CD,CENDANT CORP,,CD,,N,A,R,6391,53938,3,6531,05377410,,,,,,,,,65.000,653.000,,,,,,,,,,,,,,,19.760,20.150,19.910,7711300.000,-0.004002,19.580,20.100,977708.000,0.659,0.100,19.900,,-0.004002,-0.014,-0.014,-0.006,-0.006,-0.016
25487,2002/03/21,,11,1,7299,15131310,CD,CENDANT CORP,,CD,,N,A,R,6391,53938,3,6531,05377410,,,,,,,,,65.000,653.000,,,,,,,,,,,,,,,19.180,19.970,19.520,5845200.000,-0.019588,19.290,19.800,977708.000,0.659,0.100,19.800,,-0.019588,0.003,0.003,0.006,0.006,0.002
25487,2002/03/22,,11,1,7299,15131310,CD,CENDANT CORP,,CD,,N,A,R,6391,53938,3,6531,05377410,,,,,,,,,65.000,653.000,,,,,,,,,,,,,,,19.380,19.930,19.850,6182800.000,0.016906,19.560,20.070,977708.000,0.659,0.100,19.530,,0.016906,-0.004,-0.004,-0.000,-0.000,-0.004
25487,2002/03/25,,11,1,7299,15131310,CD,CENDANT CORP,,CD,,N,A,R,6391,53938,3,6531,05377410,,,,,,,,,65.000,653.000,,,,,,,,,,,,,,,19.120,19.850,19.160,4784600.000,-0.034761,18.910,19.440,977708.000,0.659,0.100,19.800,,-0.034761,-0.014,-0.014,-0.007,-0.007,-0.015
25487,2002/03/26,,11,1,7299,15131310,CD,CENDANT CORP,,CD,,N,A,R,6391,53938,3,6531,05377410,,,,,,,,,65.000,653.000,,,,,,,,,,,,,,,18.800,19.490,19.150,5389400.000,-0.000522,18.810,19.330,977708.000,0.659,0.100,19.050,,-0.000522,0.006,0.006,0.005,0.004,0.006
25487,2002/03/27,,11,1,7299,15131310,CD,CENDANT CORP,,CD,,N,A,R,6391,53938,3,6531,05377410,,,,,,,,,65.000,653.000,,,,,,,,,,,,,,,19.020,19.520,19.110,6404500.000,-0.002089,18.850,19.440,977708.000,0.659,0.100,19.140,,-0.002089,0.006,0.005,0.006,0.006,0.005
25487,2002/03/28,,11,1,7299,15131310,CD,CENDANT CORP,,CD,,N,A,R,6391,53938,3,6531,05377410,,,,,,,,0.000,65.000,653.000,,,,,,,,,,,5.000,2.000,14.000,1.000,19.040,19.540,19.200,6298700.000,0.004710,18.950,19.250,982020.000,0.659,0.100,19.050,,0.004710,0.003,0.003,0.006,0.006,0.002
25487,2002/04/01,,11,1,7299,15131310,CD,CENDANT CORP,,CD,,N,A,R,6391,53938,3,6531,05377410,,,,,,,,,65.000,653.000,,,,,,,,,,,,,,,18.650,19.160,19.020,7172500.000,-0.009375,18.790,19.140,982020.000,0.659,0.100,18.650,,-0.009375,-0.001,-0.001,-0.001,-0.001,-0.001
25487,2002/04/02,,11,1,7299,15131310,CD,CENDANT CORP,,CD,,N,A,R,6391,53938,3,6531,05377410,,,,,,,,,65.000,653.000,,,,,,,,,,,,,,,18.660,19.010,18.660,5949200.000,-0.018927,18.420,18.950,982020.000,0.659,0.100,19.000,,-0.018927,-0.009,-0.009,-0.005,-0.005,-0.009
25487,2002/04/03,,11,1,7299,15131310,CD,CENDANT CORP,,CD,,N,A,R,6391,53938,3,6531,05377410,,,,,,,,,65.000,653.000,,,,,,,,,,,,,,,18.240,18.690,18.460,7468100.000,-0.010718,18.340,18.560,982020.000,0.659,0.100,18.660,,-0.010718,-0.009,-0.010,-0.006,-0.006,-0.010
25487,2002/04/04,,11,1,7299,15131310,CD,CENDANT CORP,,CD,,N,A,R,6391,53938,3,6531,05377410,,,,,,,,,65.000,653.000,,,,,,,,,,,,,,,18.320,18.740,18.670,5532300.000,0.011376,18.640,18.660,982020.000,0.659,0.100,18.470,,0.011376,0.001,0.001,0.001,0.001,0.001
25487,2002/04/05,,11,1,7299,15131310,CD,CENDANT CORP,,CD,,N,A,R,6391,53938,3,6531,05377410,,,,,,,,,65.000,653.000,,,,,,,,,,,,,,,18.540,18.900,18.600,2955100.000,-0.003749,18.500,18.670,982020.000,0.659,0.100,18.800,,-0.003749,-0.003,-0.003,-0.000,-0.000,-0.003
25487,2002/04/08,,11,1,7299,15131310,CD,CENDANT CORP,,CD,,N,A,R,6391,53938,3,6531,05377410,,,,,,,,,65.000,653.000,,,,,,,,,,,,,,,18.250,18.710,18.670,3674100.000,0.003763,18.550,18.770,982020.000,0.659,0.100,18.360,,0.003763,0.003,0.003,0.003,0.002,0.002
25487,2002/04/09,,11,1,7299,15131310,CD,CENDANT CORP,,CD,,N,A,R,6391,53938,3,6531,05377410,,,,,,,,,65.000,653.000,,,,,,,,,,,,,,,18.630,18.930,18.680,4457000.000,0.000536,18.550,18.740,982020.000,0.659,0.100,18.710,,0.000536,-0.006,-0.006,-0.002,-0.002,-0.007
25487,2002/04/10,,11,1,7299,15131310,CD,CENDANT CORP,,CD,,N,A,R,6391,53938,3,6531,05377410,,,,,,,,,65.000,653.000,,,,,,,,,,,,,,,18.250,18.790,18.540,10753800.000,-0.007495,18.390,18.560,982020.000,0.659,0.100,18.500,,-0.007495,0.011,0.011,0.009,0.008,0.011
25487,2002/04/11,,11,1,7299,15131310,CD,CENDANT CORP,,CD,,N,A,R,6391,53938,3,6531,05377410,,,,,,,,,65.000,653.000,,,,,,,,,,,,,,,18.220,18.880,18.500,7627000.000,-0.002158,18.370,18.600,982020.000,0.659,0.100,18.790,,-0.002158,-0.021,-0.021,-0.010,-0.010,-0.024
25487,2002/04/12,,11,1,7299,15131310,CD,CENDANT CORP,,CD,,N,A,R,6391,53938,3,6531,05377410,,,,,,,,,65.000,653.000,,,,,,,,,,,,,,,17.620,18.500,17.900,10665700.000,-0.032432,17.790,18.050,982020.000,0.659,0.100,18.500,,-0.032432,0.008,0.008,0.011,0.011,0.007
25487,2002/04/15,,11,1,7299,15131310,CD,CENDANT CORP,,CD,,N,A,R,6391,53938,3,6531,05377410,,,,,,,,,65.000,653.000,,,,,,,,,,,,,,,18.000,18.410,18.180,5845200.000,0.015642,18.070,18.280,982020.000,0.659,0.100,18.300,,0.015642,-0.006,-0.006,-0.001,-0.001,-0.008
25487,2002/04/16,,11,1,7299,15131310,CD,CENDANT CORP,,CD,,N,A,R,6391,53938,3,6531,05377410,,,,,,,,,65.000,653.000,,,,,,,,,,,,,,,18.350,18.840,18.750,4398300.000,0.031353,18.580,18.790,982020.000,0.659,0.100,18.390,,0.031353,0.022,0.022,0.016,0.016,0.023
25487,2002/04/17,,11,1,7299,15131310,CD,CENDANT CORP,,CD,,N,A,R,6391,53938,3,6531,05377410,,,,,,,,,65.000,653.000,,,,,,,,,,,,,,,18.400,18.990,18.680,5424500.000,-0.003733,18.670,18.690,982020.000,0.659,0.100,18.990,,-0.003733,-0.002,-0.002,0.001,0.001,-0.002
25487,2002/04/18,,11,1,7299,15131310,CD,CENDANT CORP,,CD,,N,A,R,6391,53938,3,6531,05377410,,,,,,,,,65.000,653.000,,,,,,,,,,,,,,,18.310,19.350,19.030,9765300.000,0.018737,18.920,19.160,982020.000,0.659,0.100,19.100,,0.018737,-0.002,-0.002,0.003,0.003,-0.001
25487,2002/04/19,,11,1,7299,15131310,CD,CENDANT CORP,,CD,,N,A,R,6391,53938,3,6531,05377410,,,,,,,,,65.000,653.000,,,,,,,,,,,,,,,18.510,19.230,18.680,6593500.000,-0.018392,18.680,18.680,982020.000,0.659,0.100,19.000,,-0.018392,0.001,0.001,0.002,0.002,0.001
25487,2002/04/22,,11,1,7299,15131310,CD,CENDANT CORP,,CD,,N,A,R,6391,53938,3,6531,05377410,,,,,,,,,65.000,653.000,,,,,,,,,,,,,,,18.350,18.940,18.550,4341700.000,-0.006959,18.440,18.650,982020.000,0.659,0.100,18.930,,-0.006959,-0.015,-0.015,-0.008,-0.008,-0.015
25487,2002/04/23,,11,1,7299,15131310,CD,CENDANT CORP,,CD,,N,A,R,6391,53938,3,6531,05377410,,,,,,,,,65.000,653.000,,,,,,,,,,,,,,,18.350,18.600,18.460,5047800.000,-0.004852,18.360,18.470,982020.000,0.659,0.100,18.450,,-0.004852,-0.005,-0.005,-0.001,-0.001,-0.006
25487,2002/04/24,,11,1,7299,15131310,CD,CENDANT CORP,,CD,,N,A,R,6391,53938,3,6531,05377410,,,,,,,,,65.000,653.000,,,,,,,,,,,,,,,18.470,18.990,18.960,7858200.000,0.027086,18.850,18.990,982020.000,0.659,0.100,18.470,,0.027086,-0.006,-0.006,-0.002,-0.002,-0.007
25487,2002/04/25,,11,1,7299,15131310,CD,CENDANT CORP,,CD,,N,A,R,6391,53938,3,6531,05377410,,,,,,,,,65.000,653.000,,,,,,,,,,,,,,,18.610,19.000,18.740,5822000.000,-0.011603,18.730,18.790,982020.000,0.659,0.100,18.990,,-0.011603,-0.002,-0.002,-0.002,-0.002,-0.002
25487,2002/04/26,,11,1,7299,15131310,CD,CENDANT CORP,,CD,,N,A,R,6391,53938,3,6531,05377410,,,,,,,,,65.000,653.000,,,,,,,,,,,,,,,18.260,18.800,18.400,5078800.000,-0.018143,18.310,18.440,982020.000,0.659,0.100,18.800,,-0.018143,-0.013,-0.014,-0.009,-0.009,-0.014
25487,2002/04/29,,11,1,7299,15131310,CD,CENDANT CORP,,CD,,N,A,R,6391,53938,3,6531,05377410,,,,,,,,,65.000,653.000,,,,,,,,,,,,,,,17.950,18.400,17.970,5796200.000,-0.023370,17.870,18.080,982020.000,0.659,0.100,18.350,,-0.023370,-0.009,-0.009,-0.006,-0.006,-0.010
25487,2002/04/30,,11,1,7299,15131310,CD,CENDANT CORP,,CD,,N,A,R,6391,53938,3,6531,05377410,,,,,,,,0.000,65.000,653.000,,,,,,,,,,,5.000,2.000,14.000,1.000,17.950,18.210,17.990,5794700.000,0.001113,17.930,18.030,994020.000,0.659,0.100,18.000,,0.001113,0.012,0.012,0.010,0.010,0.011
25487,2002/05/01,,11,1,7299,15131310,CD,CENDANT CORP,,CD,,N,A,R,6391,53938,3,6531,05377410,,,,,,,,,65.000,653.000,,,,,,,,,,,,,,,17.300,18.090,17.860,21286900.000,-0.007226,17.800,17.980,994020.000,0.659,0.100,18.000,,-0.007226,0.008,0.007,0.001,0.001,0.009
25487,2002/05/02,,11,1,7299,15131310,CD,CENDANT CORP,,CD,,N,A,R,6391,53938,3,6531,05377410,,,,,,,,,65.000,653.000,,,,,,,,,,,,,,,17.650,18.480,18.480,10212600.000,0.034714,18.430,18.460,994020.000,0.659,0.100,17.890,,0.034714,-0.002,-0.002,0.000,0.000,-0.002
25487,2002/05/03,,11,1,7299,15131310,CD,CENDANT CORP,,CD,,N,A,R,6391,53938,3,6531,05377410,,,,,,,,,65.000,653.000,,,,,,,,,,,,,,,18.000,18.480,18.230,4422000.000,-0.013528,18.160,18.350,994020.000,0.659,0.100,18.480,,-0.013528,-0.009,-0.009,-0.002,-0.002,-0.010
25487,2002/05/06,,11,1,7299,15131310,CD,CENDANT CORP,,CD,,N,A,R,6391,53938,3,6531,05377410,,,,,,,,,65.000,653.000,,,,,,,,,,,,,,,17.800,18.220,17.820,3040000.000,-0.022490,17.800,18.090,994020.000,0.659,0.100,18.100,,-0.022490,-0.018,-0.018,-0.011,-0.011,-0.019
25487,2002/05/07,,11,1,7299,15131310,CD,CENDANT CORP,,CD,,N,A,R,6391,53938,3,6531,05377410,,,,,,,,,65.000,653.000,,,,,,,,,,,,,,,17.600,18.090,18.020,4576900.000,0.011223,17.910,18.120,994020.000,0.659,0.100,17.830,,0.011223,-0.004,-0.004,-0.006,-0.006,-0.003
25487,2002/05/08,,11,1,7299,15131310,CD,CENDANT CORP,,CD,,N,A,R,6391,53938,3,6531,05377410,,,,,,,,,65.000,653.000,,,,,,,,,,,,,,,17.950,18.490,18.450,5779300.000,0.023862,18.350,18.450,994020.000,0.659,0.100,18.020,,0.023862,0.034,0.034,0.019,0.019,0.038
25487,2002/05/09,,11,1,7299,15131310,CD,CENDANT CORP,,CD,,N,A,R,6391,53938,3,6531,05377410,,,,,,,,,65.000,653.000,,,,,,,,,,,,,,,18.040,18.420,18.150,5003600.000,-0.016260,18.040,18.250,994020.000,0.659,0.100,18.400,,-0.016260,-0.014,-0.014,-0.008,-0.008,-0.015
25487,2002/05/10,,11,1,7299,15131310,CD,CENDANT CORP,,CD,,N,A,R,6391,53938,3,6531,05377410,,,,,,,,,65.000,653.000,,,,,,,,,,,,,,,17.720,18.380,17.720,6264800.000,-0.023691,17.750,17.860,994020.000,0.659,0.100,18.350,,-0.023691,-0.015,-0.015,-0.008,-0.008,-0.017
25487,2002/05/13,,11,1,7299,15131310,CD,CENDANT CORP,,CD,,N,A,R,6391,53938,3,6531,05377410,,,,,,,,,65.000,653.000,,,,,,,,,,,,,,,17.710,18.200,18.000,3655500.000,0.015801,17.850,18.100,994020.000,0.659,0.100,17.730,,0.015801,0.017,0.017,0.007,0.007,0.019
25487,2002/05/14,,11,1,7299,15131310,CD,CENDANT CORP,,CD,,N,A,R,6391,53938,3,6531,05377410,,,,,,,,,65.000,653.000,,,,,,,,,,,,,,,18.120,18.600,18.580,8269100.000,0.032222,18.570,18.590,994020.000,0.659,0.100,18.300,,0.032222,0.021,0.021,0.015,0.015,0.021
25487,2002/05/15,,11,1,7299,15131310,CD,CENDANT CORP,,CD,,N,A,R,6391,53938,3,6531,05377410,,,,,,,,,65.000,653.000,,,,,,,,,,,,,,,18.260,18.730,18.730,9487800.000,0.008073,18.400,18.520,994020.000,0.659,0.100,18.580,,0.008073,-0.003,-0.004,0.001,0.001,-0.006
25487,2002/05/16,,11,1,7299,15131310,CD,CENDANT CORP,,CD,,N,A,R,6391,53938,3,6531,05377410,,,,,,,,,65.000,653.000,,,,,,,,,,,,,,,18.650,18.900,18.700,5663400.000,-0.001602,18.600,18.840,994020.000,0.659,0.100,18.850,,-0.001602,0.004,0.003,-0.001,-0.001,0.007
25487,2002/05/17,,11,1,7299,15131310,CD,CENDANT CORP,,CD,,N,A,R,6391,53938,3,6531,05377410,,,,,,,,,65.000,653.000,,,,,,,,,,,,,,,18.190,18.900,18.490,5964300.000,-0.011230,18.300,18.510,994020.000,0.659,0.100,18.850,,-0.011230,0.007,0.007,0.004,0.004,0.008
25487,2002/05/20,,11,1,7299,15131310,CD,CENDANT CORP,,CD,,N,A,R,6391,53938,3,6531,05377410,,,,,,,,,65.000,653.000,,,,,,,,,,,,,,,18.110,18.640,18.270,3762500.000,-0.011898,18.260,18.390,994020.000,0.659,0.100,18.490,,-0.011898,-0.012,-0.012,-0.006,-0.006,-0.013
25487,2002/05/21,,11,1,7299,15131310,CD,CENDANT CORP,,CD,,N,A,R,6391,53938,3,6531,05377410,,,,,,,,,65.000,653.000,,,,,,,,,,,,,,,18.190,18.540,18.480,3734300.000,0.011494,18.260,18.600,994020.000,0.659,0.100,18.270,,0.011494,-0.011,-0.011,-0.009,-0.009,-0.011
25487,2002/05/22,,11,1,7299,15131310,CD,CENDANT CORP,,CD,,N,A,R,6391,53938,3,6531,05377410,,,,,,,,,65.000,653.000,,,,,,,,,,,,,,,18.050,18.450,18.280,4054500.000,-0.010822,18.140,18.390,994020.000,0.659,0.100,18.280,,-0.010822,0.004,0.004,-0.002,-0.002,0.006
25487,2002/05/23,,11,1,7299,15131310,CD,CENDANT CORP,,CD,,N,A,R,6391,53938,3,6531,05377410,,,,,,,,,65.000,653.000,,,,,,,,,,,,,,,18.300,18.500,18.500,6717200.000,0.012035,18.490,18.500,994020.000,0.659,0.100,18.500,,0.012035,0.010,0.010,0.007,0.007,0.010
25487,2002/05/24,,11,1,7299,15131310,CD,CENDANT CORP,,CD,,N,A,R,6391,53938,3,6531,05377410,,,,,,,,,65.000,653.000,,,,,,,,,,,,,,,18.100,18.500,18.180,3426300.000,-0.017297,18.150,18.250,994020.000,0.659,0.100,18.500,,-0.017297,-0.011,-0.011,-0.005,-0.005,-0.012
25487,2002/05/28,,11,1,7299,15131310,CD,CENDANT CORP,,CD,,N,A,R,6391,53938,3,6531,05377410,,,,,,,,,65.000,653.000,,,,,,,,,,,,,,,17.850,18.190,17.890,4176200.000,-0.015952,17.800,18.040,994020.000,0.659,0.100,18.180,,-0.015952,-0.007,-0.007,-0.002,-0.002,-0.009
25487,2002/05/29,,11,1,7299,15131310,CD,CENDANT CORP,,CD,,N,A,R,6391,53938,3,6531,05377410,,,,,,,,,65.000,653.000,,,,,,,,,,,,,,,17.940,18.160,17.950,3817600.000,0.003354,17.950,17.960,994020.000,0.659,0.100,18.030,,0.003354,-0.007,-0.007,-0.006,-0.006,-0.006
25487,2002/05/30,,11,1,7299,15131310,CD,CENDANT CORP,,CD,,N,A,R,6391,53938,3,6531,05377410,,,,,,,,,65.000,653.000,,,,,,,,,,,,,,,17.480,17.980,17.640,5678900.000,-0.017270,17.600,17.770,994020.000,0.659,0.100,17.820,,-0.017270,-0.002,-0.002,-0.001,-0.001,-0.003
25487,2002/05/31,,11,1,7299,15131310,CD,CENDANT CORP,,CD,,N,A,R,6391,53938,3,6531,05377410,,,,,,,,0.000,65.000,653.000,,,,,,,,,,,5.000,2.000,14.000,1.000,17.810,18.280,18.280,5658600.000,0.036281,18.180,18.230,1037692.000,0.659,0.100,18.170,,0.036281,0.002,0.002,0.003,0.003,0.002
25487,2002/06/03,,11,1,7299,15131310,CD,CENDANT CORP,,CD,,N,A,R,6391,53938,3,6531,05377410,,,,,,,,,65.000,653.000,,,,,,,,,,,,,,,17.570,18.200,17.570,5716500.000,-0.038840,17.500,17.650,1037692.000,0.659,0.100,18.200,,-0.038840,-0.024,-0.024,-0.018,-0.018,-0.025
25487,2002/06/04,,11,1,7299,15131310,CD,CENDANT CORP,,CD,,N,A,R,6391,53938,3,6531,05377410,,,,,,,,0.000,65.000,653.000,,,,,,,,,,,5.000,2.000,14.000,1.000,17.070,17.650,17.240,6806000.000,-0.018782,17.140,17.360,1087623.000,0.659,0.100,17.600,,-0.018782,-0.001,-0.001,-0.004,-0.004,0.000
25487,2002/06/05,,11,1,7299,15131310,CD,CENDANT CORP,,CD,,N,A,R,6391,53938,3,6531,05377410,,,,,,,,,65.000,653.000,,,,,,,,,,,,,,,17.220,17.730,17.450,10497100.000,0.012181,17.320,17.600,1087623.000,0.659,0.100,17.600,,0.012181,0.008,0.007,0.000,0.000,0.009
25487,2002/06/06,,11,1,7299,15131310,CD,CENDANT CORP,,CD,,N,A,R,6391,53938,3,6531,05377410,,,,,,,,,65.000,653.000,,,,,,,,,,,,,,,16.880,17.450,17.090,4667500.000,-0.020630,16.970,17.190,1087623.000,0.659,0.100,17.450,,-0.020630,-0.018,-0.018,-0.015,-0.015,-0.020
25487,2002/06/07,,11,1,7299,15131310,CD,CENDANT CORP,,CD,,N,A,R,6391,53938,3,6531,05377410,,,,,,,,,65.000,653.000,,,,,,,,,,,,,,,15.800,16.980,16.840,10145700.000,-0.014628,16.780,16.800,1087623.000,0.659,0.100,16.000,,-0.014628,-0.000,-0.000,0.002,0.002,-0.002
25487,2002/06/10,,11,1,7299,15131310,CD,CENDANT CORP,,CD,,N,A,R,6391,53938,3,6531,05377410,,,,,,,,,65.000,653.000,,,,,,,,,,,,,,,16.480,16.950,16.550,5336300.000,-0.017221,16.490,16.510,1087623.000,0.659,0.100,16.600,,-0.017221,0.002,0.002,-0.003,-0.003,0.003
25487,2002/06/11,,11,1,7299,15131310,CD,CENDANT CORP,,CD,,N,A,R,6391,53938,3,6531,05377410,,,,,,,,,65.000,653.000,,,,,,,,,,,,,,,16.160,16.650,16.280,6534100.000,-0.016314,16.160,16.390,1087623.000,0.659,0.100,16.400,,-0.016314,-0.016,-0.016,-0.009,-0.009,-0.017
25487,2002/06/12,,11,1,7299,15131310,CD,CENDANT CORP,,CD,,N,A,R,6391,53938,3,6531,05377410,,,,,,,,,65.000,653.000,,,,,,,,,,,,,,,15.390,16.180,15.710,8043100.000,-0.035012,15.740,15.840,1087623.000,0.659,0.100,16.130,,-0.035012,0.005,0.004,-0.004,-0.005,0.007
25487,2002/06/13,,11,1,7299,15131310,CD,CENDANT CORP,,CD,,N,A,R,6391,53938,3,6531,05377410,,,,,,,,,65.000,653.000,,,,,,,,,,,,,,,15.410,16.240,15.710,6928600.000,0.000000,15.750,15.760,1087623.000,0.659,0.100,15.410,,0.000000,-0.010,-0.010,-0.007,-0.007,-0.010
25487,2002/06/14,,11,1,7299,15131310,CD,CENDANT CORP,,CD,,N,A,R,6391,53938,3,6531,05377410,,,,,,,,,65.000,653.000,,,,,,,,,,,,,,,15.200,15.960,15.820,4984000.000,0.007002,15.810,15.820,1087623.000,0.659,0.100,15.510,,0.007002,-0.001,-0.001,0.000,0.000,-0.002
25487,2002/06/17,,11,1,7299,15131310,CD,CENDANT CORP,,CD,,N,A,R,6391,53938,3,6531,05377410,,,,,,,,,65.000,653.000,,,,,,,,,,,,,,,15.850,16.710,16.600,7621700.000,0.049305,16.560,16.580,1087623.000,0.659,0.100,16.000,,0.049305,0.027,0.027,0.015,0.015,0.029
25487,2002/06/18,,11,1,7299,15131310,CD,CENDANT CORP,,CD,,N,A,R,6391,53938,3,6531,05377410,,,,,,,,,65.000,653.000,,,,,,,,,,,,,,,16.450,16.870,16.550,4951800.000,-0.003012,16.400,16.650,1087623.000,0.659,0.100,16.610,,-0.003012,0.000,0.000,-0.000,-0.001,0.001
25487,2002/06/19,,11,1,7299,15131310,CD,CENDANT CORP,,CD,,N,A,R,6391,53938,3,6531,05377410,,,,,,,,,65.000,653.000,,,,,,,,,,,,,,,15.990,16.500,16.000,5082700.000,-0.033233,16.010,16.020,1087623.000,0.659,0.100,16.450,,-0.033233,-0.016,-0.016,-0.014,-0.015,-0.017
25487,2002/06/20,,11,1,7299,15131310,CD,CENDANT CORP,,CD,,N,A,R,6391,53938,3,6531,05377410,,,,,,,,,65.000,653.000,,,,,,,,,,,,,,,15.570,16.220,15.570,4363200.000,-0.026875,15.500,15.710,1087623.000,0.659,0.100,16.000,,-0.026875,-0.013,-0.013,-0.004,-0.004,-0.013
25487,2002/06/21,,11,1,7299,15131310,CD,CENDANT CORP,,CD,,N,A,R,6391,53938,3,6531,05377410,,,,,,,,,65.000,653.000,,,,,,,,,,,,,,,15.380,15.980,15.500,4597800.000,-0.004496,15.410,15.740,1087623.000,0.659,0.100,15.400,,-0.004496,-0.014,-0.014,-0.002,-0.002,-0.017
25487,2002/06/24,,11,1,7299,15131310,CD,CENDANT CORP,,CD,,N,A,R,6391,53938,3,6531,05377410,,,,,,,,,65.000,653.000,,,,,,,,,,,,,,,15.260,15.800,15.540,5576800.000,0.002581,15.440,15.660,1087623.000,0.659,0.100,15.280,,0.002581,0.001,0.001,-0.005,-0.005,0.004
25487,2002/06/25,,11,1,7299,15131310,CD,CENDANT CORP,,CD,,N,A,R,6391,53938,3,6531,05377410,,,,,,,,,65.000,653.000,,,,,,,,,,,,,,,15.380,16.000,15.420,4265000.000,-0.007722,15.450,15.460,1087623.000,0.659,0.100,15.900,,-0.007722,-0.015,-0.015,-0.008,-0.008,-0.017
25487,2002/06/26,,11,1,7299,15131310,CD,CENDANT CORP,,CD,,N,A,R,6391,53938,3,6531,05377410,,,,,,,,,65.000,653.000,,,,,,,,,,,,,,,14.600,15.450,15.150,7316500.000,-0.017510,15.000,15.250,1087623.000,0.659,0.100,14.610,,-0.017510,-0.003,-0.004,-0.008,-0.009,-0.003
25487,2002/06/27,,11,1,7299,15131310,CD,CENDANT CORP,,CD,,N,A,R,6391,53938,3,6531,05377410,,,,,,,,,65.000,653.000,,,,,,,,,,,,,,,15.050,15.650,15.330,5920900.000,0.011881,15.150,15.400,1087623.000,0.659,0.100,15.150,,0.011881,0.016,0.016,0.012,0.011,0.018
25487,2002/06/28,,11,1,7299,15131310,CD,CENDANT CORP,,CD,,N,A,R,6391,53938,3,6531,05377410,,,,,,,,0.000,65.000,653.000,,,,,,,,,,,5.000,2.000,14.000,1.000,15.430,16.050,15.880,7789700.000,0.035877,15.860,15.870,1087623.000,0.659,0.100,15.530,,0.035877,0.002,0.002,0.012,0.012,-0.001
25487,2002/07/01,,11,1,7299,15131310,CD,CENDANT CORP,,CD,,N,A,R,6391,53938,3,6531,05377410,,,,,,,,,65.000,653.000,,,,,,,,,,,,,,,15.270,15.910,15.360,4793900.000,-0.032746,15.220,15.620,1087623.000,0.659,0.100,15.700,,-0.032746,-0.022,-0.022,-0.019,-0.019,-0.021
25487,2002/07/02,,11,1,7299,15131310,CD,CENDANT CORP,,CD,,N,A,R,6391,53938,3,6531,05377410,,,,,,,,,65.000,653.000,,,,,,,,,,,,,,,14.400,15.480,14.600,6885900.000,-0.049479,14.450,14.870,1087623.000,0.659,0.100,15.250,,-0.049479,-0.022,-0.023,-0.023,-0.023,-0.021
25487,2002/07/03,,11,1,7299,15131310,CD,CENDANT CORP,,CD,,N,A,R,6391,53938,3,6531,05377410,,,,,,,,,65.000,653.000,,,,,,,,,,,,,,,14.420,15.210,15.160,4171900.000,0.038356,15.040,15.260,1087623.000,0.659,0.100,14.610,,0.038356,0.004,0.004,-0.005,-0.005,0.006
25487,2002/07/05,,11,1,7299,15131310,CD,CENDANT CORP,,CD,,N,A,R,6391,53938,3,6531,05377410,,,,,,,,,65.000,653.000,,,,,,,,,,,,,,,15.180,15.880,15.660,2768000.000,0.032982,15.560,15.780,1087623.000,0.659,0.100,15.260,,0.032982,0.034,0.034,0.022,0.022,0.037
25487,2002/07/08,,11,1,7299,15131310,CD,CENDANT CORP,,CD,,N,A,R,6391,53938,3,6531,05377410,,,,,,,,,65.000,653.000,,,,,,,,,,,,,,,15.430,15.890,15.450,3481500.000,-0.013410,15.360,15.490,1087623.000,0.659,0.100,15.700,,-0.013410,-0.011,-0.012,-0.008,-0.008,-0.012
25487,2002/07/09,,11,1,7299,15131310,CD,CENDANT CORP,,CD,,N,A,R,6391,53938,3,6531,05377410,,,,,,,,,65.000,653.000,,,,,,,,,,,,,,,14.820,15.600,14.960,3351000.000,-0.031715,14.780,14.980,1087623.000,0.659,0.100,15.460,,-0.031715,-0.022,-0.022,-0.007,-0.007,-0.025
25487,2002/07/10,,11,1,7299,15131310,CD,CENDANT CORP,,CD,,N,A,R,6391,53938,3,6531,05377410,,,,,,,,,65.000,653.000,,,,,,,,,,,,,,,14.250,15.280,14.270,7416800.000,-0.046123,14.210,14.320,1087623.000,0.659,0.100,14.960,,-0.046123,-0.030,-0.030,-0.016,-0.016,-0.034
25487,2002/07/11,,11,1,7299,15131310,CD,CENDANT CORP,,CD,,N,A,R,6391,53938,3,6531,05377410,,,,,,,,,65.000,653.000,,,,,,,,,,,,,,,13.690,14.400,14.000,9669000.000,-0.018921,13.970,14.000,1087623.000,0.659,0.100,14.040,,-0.018921,0.005,0.005,-0.004,-0.004,0.007
25487,2002/07/12,,11,1,7299,15131310,CD,CENDANT CORP,,CD,,N,A,R,6391,53938,3,6531,05377410,,,,,,,,,65.000,653.000,,,,,,,,,,,,,,,13.870,14.500,14.150,6789100.000,0.010714,14.080,14.270,1087623.000,0.659,0.100,14.220,,0.010714,-0.006,-0.006,-0.002,-0.002,-0.006
25487,2002/07/15,,11,1,7299,15131310,CD,CENDANT CORP,,CD,,N,A,R,6391,53938,3,6531,05377410,,,,,,,,,65.000,653.000,,,,,,,,,,,,,,,12.910,14.000,13.890,9506700.000,-0.018375,13.750,13.990,1087623.000,0.659,0.100,13.950,,-0.018375,-0.005,-0.005,-0.010,-0.010,-0.004
25487,2002/07/16,,11,1,7299,15131310,CD,CENDANT CORP,,CD,,N,A,R,6391,53938,3,6531,05377410,,,,,,,,,65.000,653.000,,,,,,,,,,,,,,,13.030,13.850,13.210,6507100.000,-0.048956,13.190,13.250,1087623.000,0.659,0.100,13.600,,-0.048956,-0.014,-0.014,-0.000,-0.000,-0.018
25487,2002/07/17,,11,1,7299,15131310,CD,CENDANT CORP,,CD,,N,A,R,6391,53938,3,6531,05377410,,,,,,,,,65.000,653.000,,,,,,,,,,,,,,,13.160,13.980,13.680,7701100.000,0.035579,13.580,13.800,1087623.000,0.659,0.100,13.600,,0.035579,0.006,0.006,0.005,0.005,0.006
25487,2002/07/18,,11,1,7299,15131310,CD,CENDANT CORP,,CD,,N,A,R,6391,53938,3,6531,05377410,,,,,,,,,65.000,653.000,,,,,,,,,,,,,,,12.640,13.950,12.750,14267400.000,-0.067982,12.690,12.750,1087623.000,0.659,0.100,13.780,,-0.067982,-0.025,-0.025,-0.014,-0.014,-0.027
25487,2002/07/19,,11,1,7299,15131310,CD,CENDANT CORP,,CD,,N,A,R,6391,53938,3,6531,05377410,,,,,,,,,65.000,653.000,,,,,,,,,,,,,,,12.460,13.470,13.240,10963200.000,0.038431,13.240,13.490,1087623.000,0.659,0.100,12.750,,0.038431,-0.033,-0.033,-0.019,-0.019,-0.038
25487,2002/07/22,,11,1,7299,15131310,CD,CENDANT CORP,,CD,,N,A,R,6391,53938,3,6531,05377410,,,,,,,,,65.000,653.000,,,,,,,,,,,,,,,12.450,13.840,12.820,8595200.000,-0.031722,12.820,12.890,1087623.000,0.659,0.100,13.250,,-0.031722,-0.032,-0.032,-0.021,-0.021,-0.033
25487,2002/07/23,,11,1,7299,15131310,CD,CENDANT CORP,,CD,,N,A,R,6391,53938,3,6531,05377410,,,,,,,,,65.000,653.000,,,,,,,,,,,,,,,12.210,12.900,12.330,8958200.000,-0.038222,12.150,12.450,1087623.000,0.659,0.100,12.830,,-0.038222,-0.030,-0.030,-0.031,-0.031,-0.027
25487,2002/07/24,,11,1,7299,15131310,CD,CENDANT CORP,,CD,,N,A,R,6391,53938,3,6531,05377410,,,,,,,,,65.000,653.000,,,,,,,,,,,,,,,11.690,12.890,12.720,11523700.000,0.031630,12.710,12.820,1087623.000,0.659,0.100,11.900,,0.031630,0.052,0.052,0.018,0.018,0.057
25487,2002/07/25,,11,1,7299,15131310,CD,CENDANT CORP,,CD,,N,A,R,6391,53938,3,6531,05377410,,,,,,,,,65.000,653.000,,,,,,,,,,,,,,,12.000,13.050,12.620,6040100.000,-0.007862,12.510,12.720,1087623.000,0.659,0.100,12.750,,-0.007862,-0.006,-0.006,-0.003,-0.003,-0.006
25487,2002/07/26,,11,1,7299,15131310,CD,CENDANT CORP,,CD,,N,A,R,6391,53938,3,6531,05377410,,,,,,,,,65.000,653.000,,,,,,,,,,,,,,,12.260,13.050,13.050,4961300.000,0.034073,12.930,13.040,1087623.000,0.659,0.100,12.350,,0.034073,0.015,0.015,0.007,0.007,0.017
25487,2002/07/29,,11,1,7299,15131310,CD,CENDANT CORP,,CD,,N,A,R,6391,53938,3,6531,05377410,,,,,,,,,65.000,653.000,,,,,,,,,,,,,,,13.300,14.320,14.250,7296300.000,0.091954,13.990,14.510,1087623.000,0.659,0.100,13.460,,0.091954,0.053,0.053,0.035,0.035,0.054
25487,2002/07/30,,11,1,7299,15131310,CD,CENDANT CORP,,CD,,N,A,R,6391,53938,3,6531,05377410,,,,,,,,,65.000,653.000,,,,,,,,,,,,,,,13.700,14.300,14.210,6446300.000,-0.002807,14.100,14.310,1087623.000,0.659,0.100,13.700,,-0.002807,0.005,0.005,0.005,0.005,0.004
25487,2002/07/31,,11,1,7299,15131310,CD,CENDANT CORP,,CD,,N,A,R,6391,53938,3,6531,05377410,,,,,,,,0.000,65.000,653.000,,,,,,,,,,,5.000,2.000,14.000,1.000,13.310,14.150,13.820,6793500.000,-0.027445,13.610,13.800,1087623.000,0.659,0.100,14.110,,-0.027445,0.006,0.005,-0.004,-0.004,0.010
25487,2002/08/01,,11,1,7299,15131310,CD,CENDANT CORP,,CD,,N,A,R,6391,53938,3,6531,05377410,,,,,,,,,65.000,653.000,,,,,,,,,,,,,,,13.460,14.010,13.660,4291000.000,-0.011577,13.550,13.700,1087623.000,0.659,0.100,13.650,,-0.011577,-0.026,-0.026,-0.009,-0.009,-0.030
25487,2002/08/02,,11,1,7299,15131310,CD,CENDANT CORP,,CD,,N,A,R,6391,53938,3,6531,05377410,,,,,,,,,65.000,653.000,,,,,,,,,,,,,,,12.200,13.400,12.740,10746100.000,-0.067350,12.630,12.740,1087623.000,0.659,0.100,13.260,,-0.067350,-0.023,-0.023,-0.018,-0.018,-0.023
25487,2002/08/05,,11,1,7299,15131310,CD,CENDANT CORP,,CD,,N,A,R,6391,53938,3,6531,05377410,,,,,,,,,65.000,653.000,,,,,,,,,,,,,,,12.100,12.730,12.240,4457900.000,-0.039246,12.090,12.320,1087623.000,0.659,0.100,12.500,,-0.039246,-0.033,-0.033,-0.021,-0.021,-0.034
25487,2002/08/06,,11,1,7299,15131310,CD,CENDANT CORP,,CD,,N,A,R,6391,53938,3,6531,05377410,,,,,,,,,65.000,653.000,,,,,,,,,,,,,,,12.760,13.400,13.190,5842100.000,0.077614,13.170,13.310,1087623.000,0.659,0.100,12.850,,0.077614,0.030,0.030,0.022,0.022,0.030
