PERMNO,date,NAMEENDT,SHRCD,EXCHCD,SICCD,NCUSIP,TICKER,COMNAM,SHRCLS,TSYMBOL,NAICS,PRIMEXCH,TRDSTAT,SECSTAT,PERMCO,ISSUNO,HEXCD,HSICCD,CUSIP,DCLRDT,DLAMT,DLPDT,DLSTCD,NEXTDT,PAYDT,RCRDDT,SHRFLG,HSICMG,HSICIG,DISTCD,DIVAMT,FACPR,FACSHR,ACPERM,ACCOMP,NWPERM,DLRETX,DLPRC,DLRET,TRTSCD,NMSIND,MMCNT,NSDINX,BIDLO,ASKHI,PRC,VOL,RET,BID,ASK,SHROUT,CFACPR,CFACSHR,OPENPRC,NUMTRD,RETX,vwretd,vwretx,ewretd,ewretx,sprtrn
11403,2005/10/31,2006/07/02,11,3,7372,12738710,CDNS,CADENCE DESIGN SYSTEMS INC,,CDNS,511210,Q,A,R,9245,24495,3,7372,12738710,,,,,,,,2.000,73.000,737.000,,,,,,,,,,,1.000,2.000,30.000,9.000,15.830,16.150,15.980,5154468.000,-0.001250,15.830,15.850,277945.000,1.000,1.000,16.150,2485.000,-0.001250,0.009,0.009,0.012,0.012,0.007
11403,2005/11/01,,11,3,7372,12738710,CDNS,CADENCE DESIGN SYSTEMS INC,,CDNS,511210,Q,A,R,9245,24495,3,7372,12738710,,,,,,,,2.000,73.000,737.000,,,,,,,,,,,1.000,2.000,35.000,1.000,15.710,15.980,15.930,1609931.000,-0.003129,15.880,15.890,277945.000,1.000,1.000,15.860,4249.000,-0.003129,-0.002,-0.002,-0.002,-0.002,-0.004
11403,2005/11/02,,11,3,7372,12738710,CDNS,CADENCE DESIGN SYSTEMS INC,,CDNS,511210,Q,A,R,9245,24495,3,7372,12738710,,,,,,,,,73.000,737.000,,,,,,,,,,,,,,,15.800,15.980,15.900,1958149.000,-0.001883,15.890,15.900,277945.000,1.000,1.000,15.800,3582.000,-0.001883,0.012,0.012,0.012,0.012,0.010
11403,2005/11/03,,11,3,7372,12738710,CDNS,CADENCE DESIGN SYSTEMS INC,,CDNS,511210,Q,A,R,9245,24495,3,7372,12738710,,,,,,,,,73.000,737.000,,,,,,,,,,,,,,,15.880,16.030,16.000,1863701.000,0.006289,15.990,16.000,277945.000,1.000,1.000,15.900,3097.000,0.006289,0.004,0.004,0.003,0.003,0.004
11403,2005/11/04,,11,3,7372,12738710,CDNS,CADENCE DESIGN SYSTEMS INC,,CDNS,511210,Q,A,R,9245,24495,3,7372,12738710,,,,,,,,2.000,73.000,737.000,,,,,,,,,,,1.000,2.000,36.000,1.000,15.920,16.200,16.150,1378469.000,0.009375,16.130,16.150,277945.000,1.000,1.000,16.040,3336.000,0.009375,-0.000,-0.000,0.000,0.000,0.000
11403,2005/11/07,,11,3,7372,12738710,CDNS,CADENCE DESIGN SYSTEMS INC,,CDNS,511210,Q,A,R,9245,24495,3,7372,12738710,,,,,,,,2.000,73.000,737.000,,,,,,,,,,,1.000,2.000,37.000,1.000,15.860,16.190,16.020,2265261.000,-0.008049,16.010,16.020,277945.000,1.000,1.000,15.860,2955.000,-0.008049,0.002,0.002,0.003,0.003,0.002
11403,2005/11/08,,11,3,7372,12738710,CDNS,CADENCE DESIGN SYSTEMS INC,,CDNS,511210,Q,A,R,9245,24495,3,7372,12738710,,,,,,,,,73.000,737.000,,,,,,,,,,,,,,,15.810,16.220,16.150,1844792.000,0.008115,16.150,16.170,277945.000,1.000,1.000,15.810,3328.000,0.008115,-0.003,-0.004,-0.003,-0.003,-0.003
11403,2005/11/09,,11,3,7372,12738710,CDNS,CADENCE DESIGN SYSTEMS INC,,CDNS,511210,Q,A,R,9245,24495,3,7372,12738710,,,,,,,,2.000,73.000,737.000,,,,,,,,,,,1.000,2.000,36.000,1.000,16.110,16.370,16.350,1295597.000,0.012384,16.280,16.330,277945.000,1.000,1.000,16.110,2859.000,0.012384,0.002,0.002,0.002,0.002,0.002
11403,2005/11/10,,11,3,7372,12738710,CDNS,CADENCE DESIGN SYSTEMS INC,,CDNS,511210,Q,A,R,9245,24495,3,7372,12738710,,,,,,,,,73.000,737.000,,,,,,,,,,,,,,,16.250,16.450,16.360,1236932.000,0.000612,16.360,16.370,277945.000,1.000,1.000,16.250,2865.000,0.000612,0.007,0.007,0.002,0.002,0.008
11403,2005/11/11,,11,3,7372,12738710,CDNS,CADENCE DESIGN SYSTEMS INC,,CDNS,511210,Q,A,R,9245,24495,3,7372,12738710,,,,,,,,2.000,73.000,737.000,,,,,,,,,,,1.000,2.000,37.000,1.000,16.320,16.560,16.500,1491957.000,0.008557,16.490,16.500,277945.000,1.000,1.000,16.320,3146.000,0.008557,0.003,0.003,0.003,0.003,0.003
11403,2005/11/14,,11,3,7372,12738710,CDNS,CADENCE DESIGN SYSTEMS INC,,CDNS,511210,Q,A,R,9245,24495,3,7372,12738710,,,,,,,,2.000,73.000,737.000,,,,,,,,,,,1.000,2.000,38.000,1.000,16.400,16.900,16.820,3746602.000,0.019394,16.810,16.820,277945.000,1.000,1.000,16.400,7080.000,0.019394,-0.001,-0.001,-0.002,-0.002,-0.001
11403,2005/11/15,,11,3,7372,12738710,CDNS,CADENCE DESIGN SYSTEMS INC,,CDNS,511210,Q,A,R,9245,24495,3,7372,12738710,,,,,,,,2.000,73.000,737.000,,,,,,,,,,,1.000,2.000,40.000,1.000,16.860,17.780,17.160,3842594.000,0.020214,17.170,17.180,277945.000,1.000,1.000,17.780,8263.000,0.020214,-0.005,-0.005,-0.008,-0.008,-0.004
11403,2005/11/16,,11,3,7372,12738710,CDNS,CADENCE DESIGN SYSTEMS INC,,CDNS,511210,Q,A,R,9245,24495,3,7372,12738710,,,,,,,,2.000,73.000,737.000,,,,,,,,,,,1.000,2.000,39.000,1.000,16.710,17.230,16.960,1295590.000,-0.011655,16.950,16.940,277945.000,1.000,1.000,17.050,3664.000,-0.011655,0.002,0.001,-0.001,-0.001,0.002
11403,2005/11/17,,11,3,7372,12738710,CDNS,CADENCE DESIGN SYSTEMS INC,,CDNS,511210,Q,A,R,9245,24495,3,7372,12738710,,,,,,,,2.000,73.000,737.000,,,,,,,,,,,1.000,2.000,40.000,1.000,16.860,17.100,16.950,2495851.000,-0.000590,16.910,16.950,277945.000,1.000,1.000,16.910,5346.000,-0.000590,0.011,0.011,0.011,0.011,0.009
11403,2005/11/18,,11,3,7372,12738710,CDNS,CADENCE DESIGN SYSTEMS INC,,CDNS,511210,Q,A,R,9245,24495,3,7372,12738710,,,,,,,,2.000,73.000,737.000,,,,,,,,,,,1.000,2.000,39.000,1.000,16.750,17.080,16.800,1650605.000,-0.008850,16.780,16.790,277945.000,1.000,1.000,17.050,4131.000,-0.008850,0.004,0.004,0.005,0.005,0.004
11403,2005/11/21,,11,3,7372,12738710,CDNS,CADENCE DESIGN SYSTEMS INC,,CDNS,511210,Q,A,R,9245,24495,3,7372,12738710,,,,,,,,2.000,73.000,737.000,,,,,,,,,,,1.000,2.000,38.000,1.000,16.680,17.300,17.290,1684873.000,0.029167,17.240,17.290,277945.000,1.000,1.000,16.680,4177.000,0.029167,0.006,0.006,0.006,0.006,0.005
11403,2005/11/22,,11,3,7372,12738710,CDNS,CADENCE DESIGN SYSTEMS INC,,CDNS,511210,Q,A,R,9245,24495,3,7372,12738710,,,,,,,,2.000,73.000,737.000,,,,,,,,,,,1.000,2.000,39.000,1.000,17.030,17.430,17.310,2303918.000,0.001157,17.310,17.330,277945.000,1.000,1.000,17.060,4675.000,0.001157,0.005,0.005,0.004,0.004,0.005
11403,2005/11/23,,11,3,7372,12738710,CDNS,CADENCE DESIGN SYSTEMS INC,,CDNS,511210,Q,A,R,9245,24495,3,7372,12738710,,,,,,,,,73.000,737.000,,,,,,,,,,,,,,,17.000,17.380,17.310,924704.000,0.000000,17.300,17.310,277945.000,1.000,1.000,17.260,2491.000,0.000000,0.003,0.003,0.003,0.003,0.003
11403,2005/11/25,,11,3,7372,12738710,CDNS,CADENCE DESIGN SYSTEMS INC,,CDNS,511210,Q,A,R,9245,24495,3,7372,12738710,,,,,,,,,73.000,737.000,,,,,,,,,,,,,,,16.900,17.200,17.040,931398.000,-0.015598,16.990,17.010,277945.000,1.000,1.000,17.180,1985.000,-0.015598,0.002,0.002,0.002,0.002,0.002
11403,2005/11/28,,11,3,7372,12738710,CDNS,CADENCE DESIGN SYSTEMS INC,,CDNS,511210,Q,A,R,9245,24495,3,7372,12738710,,,,,,,,,73.000,737.000,,,,,,,,,,,,,,,16.760,17.120,16.990,1667503.000,-0.002934,16.990,17.000,277945.000,1.000,1.000,16.850,4019.000,-0.002934,-0.010,-0.010,-0.008,-0.008,-0.009
11403,2005/11/29,,11,3,7372,12738710,CDNS,CADENCE DESIGN SYSTEMS INC,,CDNS,511210,Q,A,R,9245,24495,3,7372,12738710,,,,,,,,,73.000,737.000,,,,,,,,,,,,,,,16.840,17.030,16.970,956329.000,-0.001177,16.950,16.960,277945.000,1.000,1.000,16.920,3353.000,-0.001177,0.000,0.000,0.001,0.000,0.000
11403,2005/11/30,,11,3,7372,12738710,CDNS,CADENCE DESIGN SYSTEMS INC,,CDNS,511210,Q,A,R,9245,24495,3,7372,12738710,,,,,,,,,73.000,737.000,,,,,,,,,,,,,,,16.770,17.180,17.120,1304085.000,0.008839,17.080,17.100,277945.000,1.000,1.000,16.830,4295.000,0.008839,-0.004,-0.004,0.003,0.003,-0.006
11403,2005/12/01,,11,3,7372,12738710,CDNS,CADENCE DESIGN SYSTEMS INC,,CDNS,511210,Q,A,R,9245,24495,3,7372,12738710,,,,,,,,2.000,73.000,737.000,,,,,,,,,,,1.000,2.000,39.000,1.000,17.050,17.560,17.490,2081298.000,0.021612,17.480,17.490,277945.000,1.000,1.000,17.050,5434.000,0.021612,0.013,0.013,0.011,0.011,0.012
11403,2005/12/02,,11,3,7372,12738710,CDNS,CADENCE DESIGN SYSTEMS INC,,CDNS,511210,Q,A,R,9245,24495,3,7372,12738710,,,,,,,,2.000,73.000,737.000,,,,,,,,,,,1.000,2.000,40.000,1.000,17.330,17.740,17.660,1649552.000,0.009720,17.650,17.650,277945.000,1.000,1.000,17.450,4562.000,0.009720,0.001,0.001,0.002,0.002,0.000
11403,2005/12/05,,11,3,7372,12738710,CDNS,CADENCE DESIGN SYSTEMS INC,,CDNS,511210,Q,A,R,9245,24495,3,7372,12738710,,,,,,,,,73.000,737.000,,,,,,,,,,,,,,,17.520,17.760,17.750,1348506.000,0.005096,17.750,17.760,277945.000,1.000,1.000,17.570,4286.000,0.005096,-0.003,-0.003,-0.003,-0.003,-0.002
11403,2005/12/06,,11,3,7372,12738710,CDNS,CADENCE DESIGN SYSTEMS INC,,CDNS,511210,Q,A,R,9245,24495,3,7372,12738710,,,,,,,,,73.000,737.000,,,,,,,,,,,,,,,17.390,17.960,17.680,2395522.000,-0.003944,17.690,17.700,277945.000,1.000,1.000,17.500,5733.000,-0.003944,0.002,0.002,0.002,0.002,0.001
11403,2005/12/07,,11,3,7372,12738710,CDNS,CADENCE DESIGN SYSTEMS INC,,CDNS,511210,Q,A,R,9245,24495,3,7372,12738710,,,,,,,,,73.000,737.000,,,,,,,,,,,,,,,17.560,18.030,17.910,2804951.000,0.013009,17.950,17.960,277945.000,1.000,1.000,17.570,5956.000,0.013009,-0.004,-0.005,-0.003,-0.003,-0.005
11403,2005/12/08,,11,3,7372,12738710,CDNS,CADENCE DESIGN SYSTEMS INC,,CDNS,511210,Q,A,R,9245,24495,3,7372,12738710,,,,,,,,,73.000,737.000,,,,,,,,,,,,,,,17.800,18.040,17.860,1553818.000,-0.002792,17.870,17.870,277945.000,1.000,1.000,17.940,4109.000,-0.002792,0.000,0.000,0.002,0.002,-0.001
11403,2005/12/09,,11,3,7372,12738710,CDNS,CADENCE DESIGN SYSTEMS INC,,CDNS,511210,Q,A,R,9245,24495,3,7372,12738710,,,,,,,,2.000,73.000,737.000,,,,,,,,,,,1.000,2.000,43.000,1.000,17.730,18.050,18.040,1827142.000,0.010078,18.040,18.050,277945.000,1.000,1.000,17.730,4168.000,0.010078,0.003,0.003,0.004,0.004,0.003
11403,2005/12/12,,11,3,7372,12738710,CDNS,CADENCE DESIGN SYSTEMS INC,,CDNS,511210,Q,A,R,9245,24495,3,7372,12738710,,,,,,,,,73.000,737.000,,,,,,,,,,,,,,,17.910,18.300,18.300,1812231.000,0.014412,18.270,18.290,277945.000,1.000,1.000,17.950,5399.000,0.014412,0.001,0.001,0.001,0.001,0.001
11403,2005/12/13,,11,3,7372,12738710,CDNS,CADENCE DESIGN SYSTEMS INC,,CDNS,511210,Q,A,R,9245,24495,3,7372,12738710,,,,,,,,2.000,73.000,737.000,,,,,,,,,,,1.000,2.000,44.000,1.000,17.850,18.260,18.080,2261742.000,-0.012022,18.080,18.110,277945.000,1.000,1.000,18.160,5833.000,-0.012022,0.004,0.004,0.000,-0.000,0.006
11403,2005/12/14,,11,3,7372,12738710,CDNS,CADENCE DESIGN SYSTEMS INC,,CDNS,511210,Q,A,R,9245,24495,3,7372,12738710,,,,,,,,2.000,73.000,737.000,,,,,,,,,,,1.000,2.000,45.000,1.000,18.060,18.650,18.280,3302554.000,0.011062,18.270,18.280,277945.000,1.000,1.000,18.060,6993.000,0.011062,0.003,0.003,0.001,0.001,0.004
11403,2005/12/15,,11,3,7372,12738710,CDNS,CADENCE DESIGN SYSTEMS INC,,CDNS,511210,Q,A,R,9245,24495,3,7372,12738710,,,,,,,,,73.000,737.000,,,,,,,,,,,,,,,17.750,18.160,18.000,1799012.000,-0.015317,17.980,18.000,277945.000,1.000,1.000,18.080,6490.000,-0.015317,-0.003,-0.003,-0.003,-0.003,-0.001
11403,2005/12/16,,11,3,7372,12738710,CDNS,CADENCE DESIGN SYSTEMS INC,,CDNS,511210,Q,A,R,9245,24495,3,7372,12738710,,,,,,,,,73.000,737.000,,,,,,,,,,,,,,,17.330,18.070,17.890,14703058.000,-0.006111,17.890,17.900,277945.000,1.000,1.000,17.850,11274.000,-0.006111,-0.002,-0.002,-0.001,-0.001,-0.003
11403,2005/12/19,,11,3,7372,12738710,CDNS,CADENCE DESIGN SYSTEMS INC,,CDNS,511210,Q,A,R,9245,24495,3,7372,12738710,,,,,,,,2.000,73.000,737.000,,,,,,,,,,,1.000,2.000,45.000,12.000,17.460,18.050,17.550,2601076.000,-0.019005,17.510,17.520,277945.000,1.000,1.000,17.830,9177.000,-0.019005,-0.007,-0.007,-0.007,-0.007,-0.006
11403,2005/12/20,,11,3,7372,12738710,CDNS,CADENCE DESIGN SYSTEMS INC,,CDNS,511210,Q,A,R,9245,24495,3,7372,12738710,,,,,,,,,73.000,737.000,,,,,,,,,,,,,,,17.160,17.560,17.300,2361331.000,-0.014245,17.270,17.280,277945.000,1.000,1.000,17.500,8784.000,-0.014245,0.000,-0.000,-0.001,-0.002,-0.000
11403,2005/12/21,,11,3,7372,12738710,CDNS,CADENCE DESIGN SYSTEMS INC,,CDNS,511210,Q,A,R,9245,24495,3,7372,12738710,,,,,,,,2.000,73.000,737.000,,,,,,,,,,,1.000,2.000,46.000,12.000,17.300,17.728,17.520,1681228.000,0.012717,17.530,17.530,277945.000,1.000,1.000,17.400,5891.000,0.012717,0.004,0.004,0.005,0.005,0.003
11403,2005/12/22,,11,3,7372,12738710,CDNS,CADENCE DESIGN SYSTEMS INC,,CDNS,511210,Q,A,R,9245,24495,3,7372,12738710,,,,,,,,2.000,73.000,737.000,,,,,,,,,,,1.000,2.000,44.000,12.000,17.370,17.630,17.430,1083743.000,-0.005137,17.400,17.410,277945.000,1.000,1.000,17.580,3897.000,-0.005137,0.005,0.004,0.005,0.005,0.004
11403,2005/12/23,,11,3,7372,12738710,CDNS,CADENCE DESIGN SYSTEMS INC,,CDNS,511210,Q,A,R,9245,24495,3,7372,12738710,,,,,,,,,73.000,737.000,,,,,,,,,,,,,,,17.180,17.680,17.290,1089161.000,-0.008032,17.270,17.270,277945.000,1.000,1.000,17.500,5127.000,-0.008032,0.001,0.001,0.003,0.003,0.000
11403,2005/12/27,,11,3,7372,12738710,CDNS,CADENCE DESIGN SYSTEMS INC,,CDNS,511210,Q,A,R,9245,24495,3,7372,12738710,,,,,,,,,73.000,737.000,,,,,,,,,,,,,,,17.110,17.760,17.280,1252613.000,-0.000578,17.280,17.290,277945.000,1.000,1.000,17.330,5235.000,-0.000578,-0.010,-0.010,-0.008,-0.008,-0.010
11403,2005/12/28,,11,3,7372,12738710,CDNS,CADENCE DESIGN SYSTEMS INC,,CDNS,511210,Q,A,R,9245,24495,3,7372,12738710,,,,,,,,,73.000,737.000,,,,,,,,,,,,,,,17.110,17.400,17.270,1598876.000,-0.000579,17.260,17.270,277945.000,1.000,1.000,17.210,4154.000,-0.000579,0.003,0.003,0.003,0.003,0.001
11403,2005/12/29,,11,3,7372,12738710,CDNS,CADENCE DESIGN SYSTEMS INC,,CDNS,511210,Q,A,R,9245,24495,3,7372,12738710,,,,,,,,,73.000,737.000,,,,,,,,,,,,,,,17.040,17.380,17.130,666363.000,-0.008107,17.120,17.130,277945.000,1.000,1.000,17.320,3033.000,-0.008107,-0.002,-0.002,0.000,0.000,-0.003
11403,2005/12/30,,11,3,7372,12738710,CDNS,CADENCE DESIGN SYSTEMS INC,,CDNS,511210,Q,A,R,9245,24495,3,7372,12738710,,,,,,,,0.000,73.000,737.000,,,,,,,,,,,1.000,2.000,44.000,12.000,16.840,17.180,16.920,792172.000,-0.012259,16.910,16.920,280956.000,1.000,1.000,17.180,3082.000,-0.012259,-0.004,-0.004,0.000,0.000,-0.005
11403,2006/01/03,,11,3,7372,12738710,CDNS,CADENCE DESIGN SYSTEMS INC,,CDNS,511210,Q,A,R,9245,24495,3,7372,12738710,,,,,,,,,73.000,737.000,,,,,,,,,,,,,,,16.550,17.010,16.950,2302992.000,0.001773,16.940,16.940,280956.000,1.000,1.000,16.890,8255.000,0.001773,0.016,0.016,0.011,0.011,0.016
11403,2006/01/04,,11,3,7372,12738710,CDNS,CADENCE DESIGN SYSTEMS INC,,CDNS,511210,Q,A,R,9245,24495,3,7372,12738710,,,,,,,,,73.000,737.000,,,,,,,,,,,,,,,16.960,17.310,17.280,2151067.000,0.019469,17.270,17.280,280956.000,1.000,1.000,17.030,5629.000,0.019469,0.006,0.005,0.008,0.008,0.004
11403,2006/01/05,,11,3,7372,12738710,CDNS,CADENCE DESIGN SYSTEMS INC,,CDNS,511210,Q,A,R,9245,24495,3,7372,12738710,,,,,,,,,73.000,737.000,,,,,,,,,,,,,,,17.040,17.400,17.120,2030572.000,-0.009259,17.110,17.120,280956.000,1.000,1.000,17.220,6300.000,-0.009259,-0.000,-0.000,0.003,0.003,0.000
11403,2006/01/06,,11,3,7372,12738710,CDNS,CADENCE DESIGN SYSTEMS INC,,CDNS,511210,Q,A,R,9245,24495,3,7372,12738710,,,,,,,,,73.000,737.000,,,,,,,,,,,,,,,16.970,17.370,17.260,2159699.000,0.008178,17.250,17.250,280956.000,1.000,1.000,17.290,8168.000,0.008178,0.010,0.010,0.009,0.009,0.009
11403,2006/01/09,,11,3,7372,12738710,CDNS,CADENCE DESIGN SYSTEMS INC,,CDNS,511210,Q,A,R,9245,24495,3,7372,12738710,,,,,,,,0.000,73.000,737.000,,,,,,,,,,,1.000,2.000,43.000,12.000,16.940,17.300,17.130,2916404.000,-0.007532,17.110,17.130,280956.000,1.000,1.000,17.210,7588.000,-0.007532,0.004,0.004,0.007,0.007,0.004
11403,2006/01/10,,11,3,7372,12738710,CDNS,CADENCE DESIGN SYSTEMS INC,,CDNS,511210,Q,A,R,9245,24495,3,7372,12738710,,,,,,,,0.000,73.000,737.000,,,,,,,,,,,1.000,2.000,44.000,12.000,16.720,17.200,16.860,1993535.000,-0.015762,16.840,16.850,280956.000,1.000,1.000,17.130,6886.000,-0.015762,0.001,0.001,0.004,0.004,-0.000
11403,2006/01/11,,11,3,7372,12738710,CDNS,CADENCE DESIGN SYSTEMS INC,,CDNS,511210,Q,A,R,9245,24495,3,7372,12738710,,,,,,,,,73.000,737.000,,,,,,,,,,,,,,,16.651,16.980,16.950,1550102.000,0.005338,16.930,16.940,280956.000,1.000,1.000,16.950,5923.000,0.005338,0.003,0.003,0.003,0.003,0.003
11403,2006/01/12,,11,3,7372,12738710,CDNS,CADENCE DESIGN SYSTEMS INC,,CDNS,511210,Q,A,R,9245,24495,3,7372,12738710,,,,,,,,,73.000,737.000,,,,,,,,,,,,,,,16.900,17.490,17.200,2666612.000,0.014749,17.210,17.210,280956.000,1.000,1.000,16.990,7598.000,0.014749,-0.006,-0.006,-0.003,-0.003,-0.006
11403,2006/01/13,,11,3,7372,12738710,CDNS,CADENCE DESIGN SYSTEMS INC,,CDNS,511210,Q,A,R,9245,24495,3,7372,12738710,,,,,,,,,73.000,737.000,,,,,,,,,,,,,,,17.110,17.320,17.250,1924361.000,0.002907,17.250,17.260,280956.000,1.000,1.000,17.240,5752.000,0.002907,0.001,0.001,0.003,0.003,0.001
11403,2006/01/17,,11,3,7372,12738710,CDNS,CADENCE DESIGN SYSTEMS INC,,CDNS,511210,Q,A,R,9245,24495,3,7372,12738710,,,,,,,,,73.000,737.000,,,,,,,,,,,,,,,17.130,17.340,17.250,2121125.000,0.000000,17.260,17.270,280956.000,1.000,1.000,17.210,5352.000,0.000000,-0.003,-0.003,-0.003,-0.003,-0.004
11403,2006/01/18,,11,3,7372,12738710,CDNS,CADENCE DESIGN SYSTEMS INC,,CDNS,511210,Q,A,R,9245,24495,3,7372,12738710,,,,,,,,0.000,73.000,737.000,,,,,,,,,,,1.000,2.000,45.000,12.000,17.060,17.350,17.210,1592897.000,-0.002319,17.200,17.210,280956.000,1.000,1.000,17.250,4871.000,-0.002319,-0.004,-0.004,-0.002,-0.002,-0.004
11403,2006/01/19,,11,3,7372,12738710,CDNS,CADENCE DESIGN SYSTEMS INC,,CDNS,511210,Q,A,R,9245,24495,3,7372,12738710,,,,,,,,,73.000,737.000,,,,,,,,,,,,,,,17.080,17.370,17.240,2145339.000,0.001743,17.230,17.230,280956.000,1.000,1.000,17.190,3767.000,0.001743,0.008,0.008,0.010,0.010,0.006
11403,2006/01/20,,11,3,7372,12738710,CDNS,CADENCE DESIGN SYSTEMS INC,,CDNS,511210,Q,A,R,9245,24495,3,7372,12738710,,,,,,,,0.000,73.000,737.000,,,,,,,,,,,1.000,2.000,44.000,12.000,16.610,17.230,16.820,2541443.000,-0.024362,16.830,16.840,280956.000,1.000,1.000,17.160,7303.000,-0.024362,-0.016,-0.016,-0.009,-0.009,-0.018
11403,2006/01/23,,11,3,7372,12738710,CDNS,CADENCE DESIGN SYSTEMS INC,,CDNS,511210,Q,A,R,9245,24495,3,7372,12738710,,,,,,,,0.000,73.000,737.000,,,,,,,,,,,1.000,2.000,45.000,12.000,16.400,16.890,16.730,1297633.000,-0.005351,16.700,16.710,280956.000,1.000,1.000,16.760,4036.000,-0.005351,0.003,0.003,0.003,0.003,0.002
11403,2006/01/24,,11,3,7372,12738710,CDNS,CADENCE DESIGN SYSTEMS INC,,CDNS,511210,Q,A,R,9245,24495,3,7372,12738710,,,,,,,,,73.000,737.000,,,,,,,,,,,,,,,16.540,17.000,16.860,2100620.000,0.007771,16.860,16.860,280956.000,1.000,1.000,16.690,3633.000,0.007771,0.004,0.004,0.008,0.008,0.002
11403,2006/01/25,,11,3,7372,12738710,CDNS,CADENCE DESIGN SYSTEMS INC,,CDNS,511210,Q,A,R,9245,24495,3,7372,12738710,,,,,,,,,73.000,737.000,,,,,,,,,,,,,,,16.490,16.910,16.590,1668632.000,-0.016014,16.580,16.590,280956.000,1.000,1.000,16.790,6401.000,-0.016014,-0.002,-0.002,-0.000,-0.000,-0.002
11403,2006/01/26,,11,3,7372,12738710,CDNS,CADENCE DESIGN SYSTEMS INC,,CDNS,511210,Q,A,R,9245,24495,3,7372,12738710,,,,,,,,,73.000,737.000,,,,,,,,,,,,,,,16.590,17.270,17.120,1938152.000,0.031947,17.120,17.120,280956.000,1.000,1.000,16.860,6140.000,0.031947,0.008,0.008,0.009,0.009,0.007
11403,2006/01/27,,11,3,7372,12738710,CDNS,CADENCE DESIGN SYSTEMS INC,,CDNS,511210,Q,A,R,9245,24495,3,7372,12738710,,,,,,,,,73.000,737.000,,,,,,,,,,,,,,,17.120,17.570,17.440,2448016.000,0.018692,17.420,17.440,280956.000,1.000,1.000,17.150,6846.000,0.018692,0.007,0.007,0.005,0.005,0.008
11403,2006/01/30,,11,3,7372,12738710,CDNS,CADENCE DESIGN SYSTEMS INC,,CDNS,511210,Q,A,R,9245,24495,3,7372,12738710,,,,,,,,,73.000,737.000,,,,,,,,,,,,,,,17.380,17.620,17.450,1476199.000,0.000573,17.440,17.450,280956.000,1.000,1.000,17.500,3760.000,0.000573,0.002,0.002,0.003,0.003,0.001
11403,2006/01/31,,11,3,7372,12738710,CDNS,CADENCE DESIGN SYSTEMS INC,,CDNS,511210,Q,A,R,9245,24495,3,7372,12738710,,,,,,,,0.000,73.000,737.000,,,,,,,,,,,1.000,2.000,46.000,12.000,17.170,17.750,17.660,3424950.000,0.012034,17.640,17.650,280956.000,1.000,1.000,17.360,7306.000,0.012034,-0.002,-0.002,0.003,0.003,-0.004
11403,2006/02/01,,11,3,7372,12738710,CDNS,CADENCE DESIGN SYSTEMS INC,,CDNS,511210,Q,A,R,9245,24495,3,7372,12738710,,,,,,,,,73.000,737.000,,,,,,,,,,,,,,,16.780,17.600,17.460,2460321.000,-0.011325,17.440,17.450,280956.000,1.000,1.000,17.420,6588.000,-0.011325,0.001,0.001,0.002,0.002,0.002
11403,2006/02/02,,11,3,7372,12738710,CDNS,CADENCE DESIGN SYSTEMS INC,,CDNS,511210,Q,A,R,9245,24495,3,7372,12738710,,,,,,,,0.000,73.000,737.000,,,,,,,,,,,1.000,2.000,47.000,12.000,16.800,17.600,17.000,9677570.000,-0.026346,16.980,16.990,280956.000,1.000,1.000,17.020,9616.000,-0.026346,-0.008,-0.009,-0.006,-0.006,-0.009
11403,2006/02/03,,11,3,7372,12738710,CDNS,CADENCE DESIGN SYSTEMS INC,,CDNS,511210,Q,A,R,9245,24495,3,7372,12738710,,,,,,,,0.000,73.000,737.000,,,,,,,,,,,1.000,2.000,47.000,12.000,16.650,17.000,16.900,1952506.000,-0.005882,16.900,16.910,283503.000,1.000,1.000,16.880,7314.000,-0.005882,-0.005,-0.005,-0.002,-0.002,-0.005
11403,2006/02/06,,11,3,7372,12738710,CDNS,CADENCE DESIGN SYSTEMS INC,,CDNS,511210,Q,A,R,9245,24495,3,7372,12738710,,,,,,,,,73.000,737.000,,,,,,,,,,,,,,,16.710,16.910,16.800,1597654.000,-0.005917,16.760,16.790,283503.000,1.000,1.000,16.830,5250.000,-0.005917,0.002,0.002,0.003,0.003,0.001
11403,2006/02/07,,11,3,7372,12738710,CDNS,CADENCE DESIGN SYSTEMS INC,,CDNS,511210,Q,A,R,9245,24495,3,7372,12738710,,,,,,,,,73.000,737.000,,,,,,,,,,,,,,,16.440,16.930,16.530,2050199.000,-0.016071,16.510,16.520,283503.000,1.000,1.000,16.800,6800.000,-0.016071,-0.010,-0.010,-0.009,-0.009,-0.008
11403,2006/02/08,,11,3,7372,12738710,CDNS,CADENCE DESIGN SYSTEMS INC,,CDNS,511210,Q,A,R,9245,24495,3,7372,12738710,,,,,,,,,73.000,737.000,,,,,,,,,,,,,,,16.330,16.720,16.630,2324980.000,0.006050,16.630,16.640,283503.000,1.000,1.000,16.620,5471.000,0.006050,0.007,0.006,0.004,0.003,0.009
11403,2006/02/09,,11,3,7372,12738710,CDNS,CADENCE DESIGN SYSTEMS INC,,CDNS,511210,Q,A,R,9245,24495,3,7372,12738710,,,,,,,,,73.000,737.000,,,,,,,,,,,,,,,16.500,16.850,16.740,2573090.000,0.006615,16.740,16.750,283503.000,1.000,1.000,16.650,5169.000,0.006615,-0.002,-0.002,0.000,0.000,-0.001
11403,2006/02/10,,11,3,7372,12738710,CDNS,CADENCE DESIGN SYSTEMS INC,,CDNS,511210,Q,A,R,9245,24495,3,7372,12738710,,,,,,,,,73.000,737.000,,,,,,,,,,,,,,,16.770,16.940,16.910,1634702.000,0.010155,16.890,16.900,283503.000,1.000,1.000,16.800,4619.000,0.010155,0.001,0.001,-0.001,-0.002,0.003
11403,2006/02/13,,11,3,7372,12738710,CDNS,CADENCE DESIGN SYSTEMS INC,,CDNS,511210,Q,A,R,9245,24495,3,7372,12738710,,,,,,,,,73.000,737.000,,,,,,,,,,,,,,,16.750,16.990,16.890,3408320.000,-0.001183,16.890,16.900,283503.000,1.000,1.000,16.940,4044.000,-0.001183,-0.005,-0.005,-0.006,-0.006,-0.003
11403,2006/02/14,,11,3,7372,12738710,CDNS,CADENCE DESIGN SYSTEMS INC,,CDNS,511210,Q,A,R,9245,24495,3,7372,12738710,,,,,,,,,73.000,737.000,,,,,,,,,,,,,,,16.880,17.150,17.120,2268099.000,0.013618,17.120,17.130,283503.000,1.000,1.000,16.950,5348.000,0.013618,0.009,0.009,0.007,0.007,0.010
11403,2006/02/15,,11,3,7372,12738710,CDNS,CADENCE DESIGN SYSTEMS INC,,CDNS,511210,Q,A,R,9245,24495,3,7372,12738710,,,,,,,,,73.000,737.000,,,,,,,,,,,,,,,16.400,17.200,17.180,2753006.000,0.003505,17.170,17.170,283503.000,1.000,1.000,17.000,4576.000,0.003505,0.003,0.003,0.004,0.004,0.004
11403,2006/02/16,,11,3,7372,12738710,CDNS,CADENCE DESIGN SYSTEMS INC,,CDNS,511210,Q,A,R,9245,24495,3,7372,12738710,,,,,,,,0.000,73.000,737.000,,,,,,,,,,,1.000,2.000,46.000,12.000,17.170,17.720,17.450,3552073.000,0.015716,17.450,17.460,283503.000,1.000,1.000,17.290,7546.000,0.015716,0.008,0.008,0.007,0.007,0.007
11403,2006/02/17,,11,3,7372,12738710,CDNS,CADENCE DESIGN SYSTEMS INC,,CDNS,511210,Q,A,R,9245,24495,3,7372,12738710,,,,,,,,0.000,73.000,737.000,,,,,,,,,,,1.000,2.000,47.000,12.000,17.290,17.790,17.550,2192633.000,0.005731,17.550,17.550,283503.000,1.000,1.000,17.380,4974.000,0.005731,-0.001,-0.001,0.001,0.001,-0.002
11403,2006/02/21,,11,3,7372,12738710,CDNS,CADENCE DESIGN SYSTEMS INC,,CDNS,511210,Q,A,R,9245,24495,3,7372,12738710,,,,,,,,,73.000,737.000,,,,,,,,,,,,,,,17.390,17.680,17.570,1863417.000,0.001140,17.570,17.590,283503.000,1.000,1.000,17.540,5629.000,0.001140,-0.003,-0.003,-0.002,-0.002,-0.003
11403,2006/02/22,,11,3,7372,12738710,CDNS,CADENCE DESIGN SYSTEMS INC,,CDNS,511210,Q,A,R,9245,24495,3,7372,12738710,,,,,,,,,73.000,737.000,,,,,,,,,,,,,,,17.550,17.860,17.780,1670771.000,0.011952,17.760,17.770,283503.000,1.000,1.000,17.590,4636.000,0.011952,0.007,0.007,0.005,0.005,0.008
11403,2006/02/23,,11,3,7372,12738710,CDNS,CADENCE DESIGN SYSTEMS INC,,CDNS,511210,Q,A,R,9245,24495,3,7372,12738710,,,,,,,,,73.000,737.000,,,,,,,,,,,,,,,17.660,18.000,17.800,1740778.000,0.001125,17.800,17.810,283503.000,1.000,1.000,17.710,5285.000,0.001125,-0.003,-0.003,-0.000,-0.000,-0.004
11403,2006/02/24,,11,3,7372,12738710,CDNS,CADENCE DESIGN SYSTEMS INC,,CDNS,511210,Q,A,R,9245,24495,3,7372,12738710,,,,,,,,0.000,73.000,737.000,,,,,,,,,,,1.000,2.000,48.000,12.000,17.670,17.960,17.920,975541.000,0.006742,17.910,17.920,283503.000,1.000,1.000,17.720,3693.000,0.006742,0.002,0.002,0.004,0.004,0.001
11403,2006/02/27,,11,3,7372,12738710,CDNS,CADENCE DESIGN SYSTEMS INC,,CDNS,511210,Q,A,R,9245,24495,3,7372,12738710,,,,,,,,,73.000,737.000,,,,,,,,,,,,,,,17.810,18.040,17.890,1488781.000,-0.001674,17.870,17.880,283503.000,1.000,1.000,17.940,5030.000,-0.001674,0.003,0.003,0.003,0.003,0.004
11403,2006/02/28,,11,3,7372,12738710,CDNS,CADENCE DESIGN SYSTEMS INC,,CDNS,511210,Q,A,R,9245,24495,3,7372,12738710,,,,,,,,0.000,73.000,737.000,,,,,,,,,,,1.000,2.000,46.000,12.000,17.620,17.910,17.750,2680123.000,-0.007826,17.760,17.760,283503.000,1.000,1.000,17.800,5715.000,-0.007826,-0.010,-0.010,-0.007,-0.007,-0.010
11403,2006/03/01,,11,3,7372,12738710,CDNS,CADENCE DESIGN SYSTEMS INC,,CDNS,511210,Q,A,R,9245,24495,3,7372,12738710,,,,,,,,0.000,73.000,737.000,,,,,,,,,,,1.000,2.000,48.000,12.000,17.560,18.030,18.010,2626339.000,0.014648,17.990,18.000,283503.000,1.000,1.000,17.780,5665.000,0.014648,0.009,0.009,0.009,0.009,0.008
11403,2006/03/02,,11,3,7372,12738710,CDNS,CADENCE DESIGN SYSTEMS INC,,CDNS,511210,Q,A,R,9245,24495,3,7372,12738710,,,,,,,,,73.000,737.000,,,,,,,,,,,,,,,17.910,18.110,18.040,1924946.000,0.001666,18.020,18.030,283503.000,1.000,1.000,17.930,4119.000,0.001666,-0.000,-0.000,0.000,0.000,-0.002
11403,2006/03/03,,11,3,7372,12738710,CDNS,CADENCE DESIGN SYSTEMS INC,,CDNS,511210,Q,A,R,9245,24495,3,7372,12738710,,,,,,,,,73.000,737.000,,,,,,,,,,,,,,,17.860,18.200,18.160,2119058.000,0.006652,18.150,18.160,283503.000,1.000,1.000,18.010,5505.000,0.006652,-0.001,-0.001,-0.001,-0.001,-0.001
11403,2006/03/06,,11,3,7372,12738710,CDNS,CADENCE DESIGN SYSTEMS INC,,CDNS,511210,Q,A,R,9245,24495,3,7372,12738710,,,,,,,,,73.000,737.000,,,,,,,,,,,,,,,17.900,18.230,18.200,3147701.000,0.002203,18.190,18.200,283503.000,1.000,1.000,18.030,8020.000,0.002203,-0.007,-0.007,-0.006,-0.006,-0.007
11403,2006/03/07,,11,3,7372,12738710,CDNS,CADENCE DESIGN SYSTEMS INC,,CDNS,511210,Q,A,R,9245,24495,3,7372,12738710,,,,,,,,,73.000,737.000,,,,,,,,,,,,,,,17.580,18.140,17.750,2017463.000,-0.024725,17.740,17.750,283503.000,1.000,1.000,18.140,7065.000,-0.024725,-0.005,-0.005,-0.010,-0.010,-0.002
11403,2006/03/08,,11,3,7372,12738710,CDNS,CADENCE DESIGN SYSTEMS INC,,CDNS,511210,Q,A,R,9245,24495,3,7372,12738710,,,,,,,,,73.000,737.000,,,,,,,,,,,,,,,17.550,18.000,17.850,1653108.000,0.005634,17.850,17.860,283503.000,1.000,1.000,17.700,6007.000,0.005634,0.001,0.000,-0.001,-0.001,0.002
11403,2006/03/09,,11,3,7372,12738710,CDNS,CADENCE DESIGN SYSTEMS INC,,CDNS,511210,Q,A,R,9245,24495,3,7372,12738710,,,,,,,,,73.000,737.000,,,,,,,,,,,,,,,17.680,18.000,17.940,1283669.000,0.005042,17.930,17.930,283503.000,1.000,1.000,17.900,4715.000,0.005042,-0.004,-0.004,-0.002,-0.002,-0.005
11403,2006/03/10,,11,3,7372,12738710,CDNS,CADENCE DESIGN SYSTEMS INC,,CDNS,511210,Q,A,R,9245,24495,3,7372,12738710,,,,,,,,,73.000,737.000,,,,,,,,,,,,,,,17.600,18.100,18.080,1225470.000,0.007804,18.070,18.080,283503.000,1.000,1.000,17.890,3658.000,0.007804,0.007,0.007,0.007,0.006,0.007
11403,2006/03/13,,11,3,7372,12738710,CDNS,CADENCE DESIGN SYSTEMS INC,,CDNS,511210,Q,A,R,9245,24495,3,7372,12738710,,,,,,,,,73.000,737.000,,,,,,,,,,,,,,,17.320,18.050,17.860,1087070.000,-0.012168,17.850,17.860,283503.000,1.000,1.000,18.050,3906.000,-0.012168,0.003,0.002,0.003,0.002,0.002
11403,2006/03/14,,11,3,7372,12738710,CDNS,CADENCE DESIGN SYSTEMS INC,,CDNS,511210,Q,A,R,9245,24495,3,7372,12738710,,,,,,,,0.000,73.000,737.000,,,,,,,,,,,1.000,2.000,49.000,12.000,17.810,18.250,18.200,2730594.000,0.019037,18.200,18.210,283503.000,1.000,1.000,17.810,6396.000,0.019037,0.010,0.010,0.007,0.007,0.010
11403,2006/03/15,,11,3,7372,12738710,CDNS,CADENCE DESIGN SYSTEMS INC,,CDNS,511210,Q,A,R,9245,24495,3,7372,12738710,,,,,,,,0.000,73.000,737.000,,,,,,,,,,,1.000,2.000,48.000,12.000,17.990,18.362,18.360,2770515.000,0.008791,18.350,18.350,283503.000,1.000,1.000,18.250,5551.000,0.008791,0.005,0.005,0.006,0.006,0.004
11403,2006/03/16,,11,3,7372,12738710,CDNS,CADENCE DESIGN SYSTEMS INC,,CDNS,511210,Q,A,R,9245,24495,3,7372,12738710,,,,,,,,,73.000,737.000,,,,,,,,,,,,,,,18.000,18.400,18.030,1824227.000,-0.017974,18.040,18.040,283503.000,1.000,1.000,18.280,6007.000,-0.017974,0.002,0.002,0.002,0.002,0.002
11403,2006/03/17,,11,3,7372,12738710,CDNS,CADENCE DESIGN SYSTEMS INC,,CDNS,511210,Q,A,R,9245,24495,3,7372,12738710,,,,,,,,0.000,73.000,737.000,,,,,,,,,,,1.000,2.000,47.000,12.000,17.780,18.120,18.110,2217104.000,0.004437,18.090,18.100,283503.000,1.000,1.000,17.940,4178.000,0.004437,0.001,0.001,0.002,0.002,0.001
11403,2006/03/20,,11,3,7372,12738710,CDNS,CADENCE DESIGN SYSTEMS INC,,CDNS,511210,Q,A,R,9245,24495,3,7372,12738710,,,,,,,,0.000,73.000,737.000,,,,,,,,,,,1.000,2.000,48.000,12.000,17.820,18.120,18.060,1244597.000,-0.002761,18.040,18.060,283503.000,1.000,1.000,18.090,3974.000,-0.002761,-0.001,-0.001,0.000,0.000,-0.002
11403,2006/03/21,,11,3,7372,12738710,CDNS,CADENCE DESIGN SYSTEMS INC,,CDNS,511210,Q,A,R,9245,24495,3,7372,12738710,,,,,,,,,73.000,737.000,,,,,,,,,,,,,,,17.720,18.150,17.820,2263694.000,-0.013289,17.830,17.840,283503.000,1.000,1.000,17.970,7147.000,-0.013289,-0.007,-0.007,-0.007,-0.007,-0.006
11403,2006/03/22,,11,3,7372,12738710,CDNS,CADENCE DESIGN SYSTEMS INC,,CDNS,511210,Q,A,R,9245,24495,3,7372,12738710,,,,,,,,0.000,73.000,737.000,,,,,,,,,,,1.000,2.000,48.000,12.000,17.470,18.140,17.970,2038865.000,0.008417,17.960,17.970,289075.000,1.000,1.000,17.720,5381.000,0.008417,0.006,0.006,0.006,0.006,0.006
11403,2006/03/23,,11,3,7372,12738710,CDNS,CADENCE DESIGN SYSTEMS INC,,CDNS,511210,Q,A,R,9245,24495,3,7372,12738710,,,,,,,,0.000,73.000,737.000,,,,,,,,,,,1.000,2.000,47.000,12.000,17.740,18.170,18.040,1890034.000,0.003895,18.050,18.050,289075.000,1.000,1.000,17.890,5544.000,0.003895,-0.001,-0.001,0.003,0.003,-0.003
11403,2006/03/24,,11,3,7372,12738710,CDNS,CADENCE DESIGN SYSTEMS INC,,CDNS,511210,Q,A,R,9245,24495,3,7372,12738710,,,,,,,,0.000,73.000,737.000,,,,,,,,,,,1.000,2.000,48.000,12.000,17.870,18.290,17.980,1281091.000,-0.003326,17.970,17.970,289075.000,1.000,1.000,18.040,3941.000,-0.003326,0.003,0.003,0.006,0.006,0.001
11403,2006/03/27,,11,3,7372,12738710,CDNS,CADENCE DESIGN SYSTEMS INC,,CDNS,511210,Q,A,R,9245,24495,3,7372,12738710,,,,,,,,,73.000,737.000,,,,,,,,,,,,,,,17.910,18.200,17.960,1756724.000,-0.001112,17.960,17.960,289075.000,1.000,1.000,17.940,3729.000,-0.001112,-0.001,-0.001,0.001,0.001,-0.001
11403,2006/03/28,,11,3,7372,12738710,CDNS,CADENCE DESIGN SYSTEMS INC,,CDNS,511210,Q,A,R,9245,24495,3,7372,12738710,,,,,,,,,73.000,737.000,,,,,,,,,,,,,,,17.790,18.060,18.020,1365002.000,0.003341,18.010,18.010,289075.000,1.000,1.000,18.040,4398.000,0.003341,-0.005,-0.005,-0.002,-0.003,-0.006
11403,2006/03/29,,11,3,7372,12738710,CDNS,CADENCE DESIGN SYSTEMS INC,,CDNS,511210,Q,A,R,9245,24495,3,7372,12738710,,,,,,,,,73.000,737.000,,,,,,,,,,,,,,,17.940,18.360,18.360,1555724.000,0.018868,18.340,18.350,289075.000,1.000,1.000,17.970,4800.000,0.018868,0.009,0.009,0.011,0.011,0.007
11403,2006/03/30,,11,3,7372,12738710,CDNS,CADENCE DESIGN SYSTEMS INC,,CDNS,511210,Q,A,R,9245,24495,3,7372,12738710,,,,,,,,,73.000,737.000,,,,,,,,,,,,,,,18.220,18.500,18.500,1341478.000,0.007625,18.490,18.500,289075.000,1.000,1.000,18.330,4087.000,0.007625,-0.001,-0.001,0.001,0.001,-0.002
11403,2006/03/31,,11,3,7372,12738710,CDNS,CADENCE DESIGN SYSTEMS INC,,CDNS,511210,Q,A,R,9245,24495,3,7372,12738710,,,,,,,,0.000,73.000,737.000,,,,,,,,,,,1.000,2.000,47.000,12.000,18.350,18.560,18.490,1253600.000,-0.000541,18.480,18.480,282506.000,1.000,1.000,18.500,4111.000,-0.000541,-0.003,-0.003,0.004,0.004,-0.004
11403,2006/04/03,,11,3,7372,12738710,CDNS,CADENCE DESIGN SYSTEMS INC,,CDNS,511210,Q,A,R,9245,24495,3,7372,12738710,,,,,,,,0.000,73.000,737.000,,,,,,,,,,,1.000,2.000,48.000,12.000,18.270,18.540,18.510,1952849.000,0.001082,18.500,18.510,282506.000,1.000,1.000,18.450,6049.000,0.001082,0.001,0.001,-0.003,-0.003,0.002
11403,2006/04/04,,11,3,7372,12738710,CDNS,CADENCE DESIGN SYSTEMS INC,,CDNS,511210,Q,A,R,9245,24495,3,7372,12738710,,,,,,,,,73.000,737.000,,,,,,,,,,,,,,,18.340,18.700,18.490,1701434.000,-0.001081,18.500,18.500,282506.000,1.000,1.000,18.560,5245.000,-0.001081,0.006,0.006,0.002,0.002,0.006
11403,2006/04/05,,11,3,7372,12738710,CDNS,CADENCE DESIGN SYSTEMS INC,,CDNS,511210,Q,A,R,9245,24495,3,7372,12738710,,,,,,,,,73.000,737.000,,,,,,,,,,,,,,,18.310,18.640,18.570,1408833.000,0.004327,18.570,18.580,282506.000,1.000,1.000,18.430,4477.000,0.004327,0.005,0.005,0.004,0.004,0.004
11403,2006/04/06,,11,3,7372,12738710,CDNS,CADENCE DESIGN SYSTEMS INC,,CDNS,511210,Q,A,R,9245,24495,3,7372,12738710,,,,,,,,,73.000,737.000,,,,,,,,,,,,,,,18.170,18.560,18.410,1807815.000,-0.008616,18.400,18.410,282506.000,1.000,1.000,18.510,4875.000,-0.008616,-0.001,-0.001,0.001,0.001,-0.002
11403,2006/04/07,,11,3,7372,12738710,CDNS,CADENCE DESIGN SYSTEMS INC,,CDNS,511210,Q,A,R,9245,24495,3,7372,12738710,,,,,,,,,73.000,737.000,,,,,,,,,,,,,,,18.200,18.590,18.360,1500175.000,-0.002716,18.340,18.340,282506.000,1.000,1.000,18.510,4712.000,-0.002716,-0.010,-0.010,-0.007,-0.007,-0.010
11403,2006/04/10,,11,3,7372,12738710,CDNS,CADENCE DESIGN SYSTEMS INC,,CDNS,511210,Q,A,R,9245,24495,3,7372,12738710,,,,,,,,,73.000,737.000,,,,,,,,,,,,,,,18.170,18.430,18.260,1010238.000,-0.005447,18.250,18.260,282506.000,1.000,1.000,18.360,3191.000,-0.005447,0.000,0.000,-0.002,-0.002,0.001
11403,2006/04/11,,11,3,7372,12738710,CDNS,CADENCE DESIGN SYSTEMS INC,,CDNS,511210,Q,A,R,9245,24495,3,7372,12738710,,,,,,,,,73.000,737.000,,,,,,,,,,,,,,,17.970,18.444,18.160,1426259.000,-0.005476,18.150,18.150,282506.000,1.000,1.000,18.350,4482.000,-0.005476,-0.008,-0.008,-0.009,-0.010,-0.008
11403,2006/04/12,,11,3,7372,12738710,CDNS,CADENCE DESIGN SYSTEMS INC,,CDNS,511210,Q,A,R,9245,24495,3,7372,12738710,,,,,,,,,73.000,737.000,,,,,,,,,,,,,,,17.980,18.220,18.050,1030194.000,-0.006057,18.070,18.050,282506.000,1.000,1.000,18.210,2871.000,-0.006057,0.002,0.002,0.003,0.003,0.001
11403,2006/04/13,,11,3,7372,12738710,CDNS,CADENCE DESIGN SYSTEMS INC,,CDNS,511210,Q,A,R,9245,24495,3,7372,12738710,,,,,,,,,73.000,737.000,,,,,,,,,,,,,,,17.910,18.420,18.260,972932.000,0.011634,18.260,18.300,282506.000,1.000,1.000,18.080,3138.000,0.011634,0.001,0.001,0.003,0.003,0.001
11403,2006/04/17,,11,3,7372,12738710,CDNS,CADENCE DESIGN SYSTEMS INC,,CDNS,511210,Q,A,R,9245,24495,3,7372,12738710,,,,,,,,,73.000,737.000,,,,,,,,,,,,,,,17.690,18.250,17.970,1070437.000,-0.015882,17.970,17.970,282506.000,1.000,1.000,18.210,3788.000,-0.015882,-0.001,-0.002,-0.001,-0.001,-0.003
11403,2006/04/18,,11,3,7372,12738710,CDNS,CADENCE DESIGN SYSTEMS INC,,CDNS,511210,Q,A,R,9245,24495,3,7372,12738710,,,,,,,,,73.000,737.000,,,,,,,,,,,,,,,17.890,18.300,18.250,1126144.000,0.015582,18.250,18.270,282506.000,1.000,1.000,18.040,4778.000,0.015582,0.017,0.017,0.014,0.014,0.017
11403,2006/04/19,,11,3,7372,12738710,CDNS,CADENCE DESIGN SYSTEMS INC,,CDNS,511210,Q,A,R,9245,24495,3,7372,12738710,,,,,,,,,73.000,737.000,,,,,,,,,,,,,,,18.100,18.500,18.500,1722981.000,0.013699,18.490,18.500,282506.000,1.000,1.000,18.190,3769.000,0.013699,0.004,0.004,0.008,0.008,0.002
11403,2006/04/20,,11,3,7372,12738710,CDNS,CADENCE DESIGN SYSTEMS INC,,CDNS,511210,Q,A,R,9245,24495,3,7372,12738710,,,,,,,,,73.000,737.000,,,,,,,,,,,,,,,18.320,18.610,18.410,1839401.000,-0.004865,18.410,18.420,282506.000,1.000,1.000,18.440,5619.000,-0.004865,-0.001,-0.001,-0.002,-0.002,0.001
11403,2006/04/21,,11,3,7372,12738710,CDNS,CADENCE DESIGN SYSTEMS INC,,CDNS,511210,Q,A,R,9245,24495,3,7372,12738710,,,,,,,,,73.000,737.000,,,,,,,,,,,,,,,18.250,18.600,18.450,1334322.000,0.002173,18.390,18.400,282506.000,1.000,1.000,18.470,5025.000,0.002173,0.000,0.000,0.001,0.001,-0.000
11403,2006/04/24,,11,3,7372,12738710,CDNS,CADENCE DESIGN SYSTEMS INC,,CDNS,511210,Q,A,R,9245,24495,3,7372,12738710,,,,,,,,,73.000,737.000,,,,,,,,,,,,,,,18.060,18.420,18.320,1407855.000,-0.007046,18.310,18.320,282506.000,1.000,1.000,18.380,6014.000,-0.007046,-0.003,-0.003,-0.003,-0.003,-0.002
11403,2006/04/25,,11,3,7372,12738710,CDNS,CADENCE DESIGN SYSTEMS INC,,CDNS,511210,Q,A,R,9245,24495,3,7372,12738710,,,,,,,,0.000,73.000,737.000,,,,,,,,,,,1.000,2.000,49.000,12.000,17.930,18.410,18.130,1825611.000,-0.010371,18.140,18.130,282506.000,1.000,1.000,18.250,7019.000,-0.010371,-0.004,-0.004,-0.001,-0.001,-0.005
11403,2006/04/26,,11,3,7372,12738710,CDNS,CADENCE DESIGN SYSTEMS INC,,CDNS,511210,Q,A,R,9245,24495,3,7372,12738710,,,,,,,,,73.000,737.000,,,,,,,,,,,,,,,17.920,18.440,18.220,1795104.000,0.004964,18.260,18.290,282506.000,1.000,1.000,18.210,6331.000,0.004964,0.002,0.002,0.002,0.002,0.003
11403,2006/04/27,,11,3,7372,12738710,CDNS,CADENCE DESIGN SYSTEMS INC,,CDNS,511210,Q,A,R,9245,24495,3,7372,12738710,,,,,,,,,73.000,737.000,,,,,,,,,,,,,,,17.960,18.920,18.740,3355563.000,0.028540,18.750,18.760,282506.000,1.000,1.000,18.170,10776.000,0.028540,0.002,0.002,-0.002,-0.002,0.003
11403,2006/04/28,,11,3,7372,12738710,CDNS,CADENCE DESIGN SYSTEMS INC,,CDNS,511210,Q,A,R,9245,24495,3,7372,12738710,,,,,,,,,73.000,737.000,,,,,,,,,,,,,,,18.390,18.980,18.930,2990309.000,0.010139,18.930,18.930,282506.000,1.000,1.000,18.810,9509.000,0.010139,0.001,0.001,0.003,0.003,0.001
11403,2006/05/01,,11,3,7372,12738710,CDNS,CADENCE DESIGN SYSTEMS INC,,CDNS,511210,Q,A,R,9245,24495,3,7372,12738710,,,,,,,,0.000,73.000,737.000,,,,,,,,,,,1.000,2.000,50.000,12.000,18.630,19.080,18.690,2349781.000,-0.012678,18.740,18.700,282506.000,1.000,1.000,18.840,8631.000,-0.012678,-0.003,-0.003,-0.003,-0.003,-0.004
11403,2006/05/02,,11,3,7372,12738710,CDNS,CADENCE DESIGN SYSTEMS INC,,CDNS,511210,Q,A,R,9245,24495,3,7372,12738710,,,,,,,,,73.000,737.000,,,,,,,,,,,,,,,18.540,19.350,19.270,3200460.000,0.031033,19.270,19.280,282506.000,1.000,1.000,18.680,9046.000,0.031033,0.006,0.006,0.004,0.004,0.006
11403,2006/05/03,,11,3,7372,12738710,CDNS,CADENCE DESIGN SYSTEMS INC,,CDNS,511210,Q,A,R,9245,24495,3,7372,12738710,,,,,,,,,73.000,737.000,,,,,,,,,,,,,,,19.090,19.310,19.210,3534166.000,-0.003114,19.210,19.220,282506.000,1.000,1.000,19.270,8946.000,-0.003114,-0.003,-0.003,-0.000,-0.000,-0.004
11403,2006/05/04,,11,3,7372,12738710,CDNS,CADENCE DESIGN SYSTEMS INC,,CDNS,511210,Q,A,R,9245,24495,3,7372,12738710,,,,,,,,,73.000,737.000,,,,,,,,,,,,,,,19.090,19.600,19.470,2743169.000,0.013535,19.470,19.480,282506.000,1.000,1.000,19.090,9555.000,0.013535,0.004,0.004,0.005,0.005,0.003
11403,2006/05/05,,11,3,7372,12738710,CDNS,CADENCE DESIGN SYSTEMS INC,,CDNS,511210,Q,A,R,9245,24495,3,7372,12738710,,,,,,,,,73.000,737.000,,,,,,,,,,,,,,,19.310,19.650,19.350,1863131.000,-0.006163,19.340,19.350,282506.000,1.000,1.000,19.650,8107.000,-0.006163,0.011,0.011,0.007,0.007,0.010
11403,2006/05/08,,11,3,7372,12738710,CDNS,CADENCE DESIGN SYSTEMS INC,,CDNS,511210,Q,A,R,9245,24495,3,7372,12738710,,,,,,,,,73.000,737.000,,,,,,,,,,,,,,,19.000,19.470,19.070,2480930.000,-0.014470,19.060,19.070,282506.000,1.000,1.000,19.380,6241.000,-0.014470,-0.000,-0.000,0.001,0.000,-0.001
11403,2006/05/09,,11,3,7372,12738710,CDNS,CADENCE DESIGN SYSTEMS INC,,CDNS,511210,Q,A,R,9245,24495,3,7372,12738710,,,,,,,,,73.000,737.000,,,,,,,,,,,,,,,18.840,19.370,19.330,1512471.000,0.013634,19.300,19.310,282506.000,1.000,1.000,18.970,6050.000,0.013634,0.001,0.001,-0.000,-0.000,0.000
11403,2006/05/10,,11,3,7372,12738710,CDNS,CADENCE DESIGN SYSTEMS INC,,CDNS,511210,Q,A,R,9245,24495,3,7372,12738710,,,,,,,,0.000,73.000,737.000,,,,,,,,,,,1.000,2.000,49.000,12.000,19.130,19.390,19.370,2382009.000,0.002069,19.370,19.380,282506.000,1.000,1.000,19.230,7764.000,0.002069,-0.001,-0.002,-0.004,-0.004,-0.002
11403,2006/05/11,,11,3,7372,12738710,CDNS,CADENCE DESIGN SYSTEMS INC,,CDNS,511210,Q,A,R,9245,24495,3,7372,12738710,,,,,,,,0.000,73.000,737.000,,,,,,,,,,,1.000,2.000,50.000,12.000,19.040,19.480,19.100,3136374.000,-0.013939,19.100,19.100,282506.000,1.000,1.000,19.320,11712.000,-0.013939,-0.014,-0.014,-0.015,-0.015,-0.013
11403,2006/05/12,,11,3,7372,12738710,CDNS,CADENCE DESIGN SYSTEMS INC,,CDNS,511210,Q,A,R,9245,24495,3,7372,12738710,,,,,,,,0.000,73.000,737.000,,,,,,,,,,,1.000,2.000,49.000,12.000,19.050,19.580,19.170,3858517.000,0.003665,19.170,19.170,282506.000,1.000,1.000,19.160,14504.000,0.003665,-0.013,-0.013,-0.013,-0.013,-0.011
11403,2006/05/15,,11,3,7372,12738710,CDNS,CADENCE DESIGN SYSTEMS INC,,CDNS,511210,Q,A,R,9245,24495,3,7372,12738710,,,,,,,,0.000,73.000,737.000,,,,,,,,,,,1.000,2.000,48.000,12.000,18.780,19.290,18.960,2455762.000,-0.010955,18.940,18.960,282506.000,1.000,1.000,19.060,10142.000,-0.010955,-0.001,-0.001,-0.009,-0.009,0.003
11403,2006/05/16,,11,3,7372,12738710,CDNS,CADENCE DESIGN SYSTEMS INC,,CDNS,511210,Q,A,R,9245,24495,3,7372,12738710,,,,,,,,,73.000,737.000,,,,,,,,,,,,,,,18.670,19.240,19.110,2076041.000,0.007911,19.100,19.100,282506.000,1.000,1.000,18.940,8669.000,0.007911,-0.001,-0.001,0.000,0.000,-0.002
11403,2006/05/17,,11,3,7372,12738710,CDNS,CADENCE DESIGN SYSTEMS INC,,CDNS,511210,Q,A,R,9245,24495,3,7372,12738710,,,,,,,,0.000,73.000,737.000,,,,,,,,,,,1.000,2.000,47.000,12.000,18.520,19.200,18.860,2045181.000,-0.013082,18.810,18.840,282506.000,1.000,1.000,19.100,9673.000,-0.013082,-0.017,-0.017,-0.013,-0.013,-0.017
11403,2006/05/18,,11,3,7372,12738710,CDNS,CADENCE DESIGN SYSTEMS INC,,CDNS,511210,Q,A,R,9245,24495,3,7372,12738710,,,,,,,,0.000,73.000,737.000,,,,,,,,,,,1.000,2.000,46.000,12.000,18.570,18.910,18.720,2119781.000,-0.007423,18.710,18.710,282506.000,1.000,1.000,18.840,7137.000,-0.007423,-0.007,-0.007,-0.006,-0.006,-0.007
11403,2006/05/19,,11,3,7372,12738710,CDNS,CADENCE DESIGN SYSTEMS INC,,CDNS,511210,Q,A,R,9245,24495,3,7372,12738710,,,,,,,,0.000,73.000,737.000,,,,,,,,,,,1.000,2.000,47.000,12.000,18.290,18.820,18.500,2863801.000,-0.011752,18.480,18.480,282506.000,1.000,1.000,18.600,11417.000,-0.011752,0.004,0.004,0.002,0.002,0.004
11403,2006/05/22,,11,3,7372,12738710,CDNS,CADENCE DESIGN SYSTEMS INC,,CDNS,511210,Q,A,R,9245,24495,3,7372,12738710,,,,,,,,,73.000,737.000,,,,,,,,,,,,,,,18.050,18.470,18.190,2890860.000,-0.016757,18.190,18.200,282506.000,1.000,1.000,18.340,6713.000,-0.016757,-0.006,-0.006,-0.011,-0.011,-0.004
11403,2006/05/23,,11,3,7372,12738710,CDNS,CADENCE DESIGN SYSTEMS INC,,CDNS,511210,Q,A,R,9245,24495,3,7372,12738710,,,,,,,,,73.000,737.000,,,,,,,,,,,,,,,18.000,18.410,18.140,1850712.000,-0.002749,18.150,18.150,282506.000,1.000,1.000,18.250,8021.000,-0.002749,-0.003,-0.003,-0.000,-0.000,-0.004
11403,2006/05/24,,11,3,7372,12738710,CDNS,CADENCE DESIGN SYSTEMS INC,,CDNS,511210,Q,A,R,9245,24495,3,7372,12738710,,,,,,,,,73.000,737.000,,,,,,,,,,,,,,,17.700,18.110,17.830,3640380.000,-0.017089,17.830,17.830,282506.000,1.000,1.000,17.940,12558.000,-0.017089,-0.000,-0.000,-0.004,-0.004,0.002
11403,2006/05/25,,11,3,7372,12738710,CDNS,CADENCE DESIGN SYSTEMS INC,,CDNS,511210,Q,A,R,9245,24495,3,7372,12738710,,,,,,,,,73.000,737.000,,,,,,,,,,,,,,,17.850,18.200,18.050,1598240.000,0.012339,18.050,18.070,282506.000,1.000,1.000,17.980,6802.000,0.012339,0.014,0.014,0.013,0.013,0.011
11403,2006/05/26,,11,3,7372,12738710,CDNS,CADENCE DESIGN SYSTEMS INC,,CDNS,511210,Q,A,R,9245,24495,3,7372,12738710,,,,,,,,,73.000,737.000,,,,,,,,,,,,,,,17.850,18.250,18.170,1188169.000,0.006648,18.150,18.160,282506.000,1.000,1.000,18.030,5453.000,0.006648,0.006,0.006,0.007,0.006,0.006
11403,2006/05/30,,11,3,7372,12738710,CDNS,CADENCE DESIGN SYSTEMS INC,,CDNS,511210,Q,A,R,9245,24495,3,7372,12738710,,,,,,,,0.000,73.000,737.000,,,,,,,,,,,1.000,2.000,46.000,12.000,17.820,18.320,17.870,1623073.000,-0.016511,17.880,17.880,282506.000,1.000,1.000,18.040,7672.000,-0.016511,-0.015,-0.015,-0.013,-0.013,-0.016
11403,2006/05/31,,11,3,7372,12738710,CDNS,CADENCE DESIGN SYSTEMS INC,,CDNS,511210,Q,A,R,9245,24495,3,7372,12738710,,,,,,,,0.000,73.000,737.000,,,,,,,,,,,1.000,2.000,47.000,12.000,17.700,18.170,18.040,2409810.000,0.009513,18.020,18.030,282506.000,1.000,1.000,17.880,9902.000,0.009513,0.009,0.009,0.008,0.008,0.008
11403,2006/06/01,,11,3,7372,12738710,CDNS,CADENCE DESIGN SYSTEMS INC,,CDNS,511210,Q,A,R,9245,24495,3,7372,12738710,,,,,,,,,73.000,737.000,,,,,,,,,,,,,,,17.930,18.470,18.350,2066422.000,0.017184,18.340,18.350,282506.000,1.000,1.000,17.940,7636.000,0.017184,0.013,0.013,0.012,0.012,0.012
11403,2006/06/02,,11,3,7372,12738710,CDNS,CADENCE DESIGN SYSTEMS INC,,CDNS,511210,Q,A,R,9245,24495,3,7372,12738710,,,,,,,,,73.000,737.000,,,,,,,,,,,,,,,17.970,18.520,18.260,1264770.000,-0.004905,18.250,18.250,282506.000,1.000,1.000,18.520,6323.000,-0.004905,0.003,0.002,0.004,0.004,0.002
11403,2006/06/05,,11,3,7372,12738710,CDNS,CADENCE DESIGN SYSTEMS INC,,CDNS,511210,Q,A,R,9245,24495,3,7372,12738710,,,,,,,,,73.000,737.000,,,,,,,,,,,,,,,17.750,18.160,17.810,1909350.000,-0.024644,17.770,17.800,282506.000,1.000,1.000,18.120,7330.000,-0.024644,-0.019,-0.019,-0.016,-0.016,-0.018
11403,2006/06/06,,11,3,7372,12738710,CDNS,CADENCE DESIGN SYSTEMS INC,,CDNS,511210,Q,A,R,9245,24495,3,7372,12738710,,,,,,,,,73.000,737.000,,,,,,,,,,,,,,,17.540,17.910,17.780,1901434.000,-0.001684,17.780,17.790,282506.000,1.000,1.000,17.850,10074.000,-0.001684,-0.004,-0.004,-0.006,-0.006,-0.001
11403,2006/06/07,,11,3,7372,12738710,CDNS,CADENCE DESIGN SYSTEMS INC,,CDNS,511210,Q,A,R,9245,24495,3,7372,12738710,,,,,,,,,73.000,737.000,,,,,,,,,,,,,,,17.380,17.980,17.400,2433908.000,-0.021372,17.390,17.400,282506.000,1.000,1.000,17.840,10031.000,-0.021372,-0.007,-0.007,-0.004,-0.004,-0.006
11403,2006/06/08,,11,3,7372,12738710,CDNS,CADENCE DESIGN SYSTEMS INC,,CDNS,511210,Q,A,R,9245,24495,3,7372,12738710,,,,,,,,,73.000,737.000,,,,,,,,,,,,,,,16.690,17.260,16.880,8602477.000,-0.029885,16.870,16.870,282506.000,1.000,1.000,17.250,20413.000,-0.029885,-0.001,-0.001,-0.006,-0.006,0.001
11403,2006/06/09,,11,3,7372,12738710,CDNS,CADENCE DESIGN SYSTEMS INC,,CDNS,511210,Q,A,R,9245,24495,3,7372,12738710,,,,,,,,,73.000,737.000,,,,,,,,,,,,,,,16.720,17.190,16.850,3040017.000,-0.001777,16.860,16.860,282506.000,1.000,1.000,16.830,14217.000,-0.001777,-0.003,-0.003,-0.002,-0.002,-0.004
11403,2006/06/12,,11,3,7372,12738710,CDNS,CADENCE DESIGN SYSTEMS INC,,CDNS,511210,Q,A,R,9245,24495,3,7372,12738710,,,,,,,,,73.000,737.000,,,,,,,,,,,,,,,16.700,17.110,16.700,2123911.000,-0.008902,16.700,16.710,282506.000,1.000,1.000,16.880,10211.000,-0.008902,-0.015,-0.015,-0.018,-0.018,-0.013
11403,2006/06/13,,11,3,7372,12738710,CDNS,CADENCE DESIGN SYSTEMS INC,,CDNS,511210,Q,A,R,9245,24495,3,7372,12738710,,,,,,,,,73.000,737.000,,,,,,,,,,,,,,,16.640,16.990,16.700,1737996.000,0.000000,16.690,16.690,282506.000,1.000,1.000,16.720,9316.000,0.000000,-0.013,-0.013,-0.017,-0.017,-0.010
11403,2006/06/14,,11,3,7372,12738710,CDNS,CADENCE DESIGN SYSTEMS INC,,CDNS,511210,Q,A,R,9245,24495,3,7372,12738710,,,,,,,,,73.000,737.000,,,,,,,,,,,,,,,16.490,16.970,16.740,2257542.000,0.002395,16.710,16.730,282506.000,1.000,1.000,16.720,9349.000,0.002395,0.005,0.005,0.003,0.003,0.005
11403,2006/06/15,,11,3,7372,12738710,CDNS,CADENCE DESIGN SYSTEMS INC,,CDNS,511210,Q,A,R,9245,24495,3,7372,12738710,,,,,,,,,73.000,737.000,,,,,,,,,,,,,,,16.650,16.880,16.770,3426835.000,0.001792,16.770,16.780,282506.000,1.000,1.000,16.850,12165.000,0.001792,0.024,0.024,0.024,0.024,0.021
11403,2006/06/16,,11,3,7372,12738710,CDNS,CADENCE DESIGN SYSTEMS INC,,CDNS,511210,Q,A,R,9245,24495,3,7372,12738710,,,,,,,,,73.000,737.000,,,,,,,,,,,,,,,16.660,17.000,16.790,2784268.000,0.001193,16.800,16.810,282506.000,1.000,1.000,16.730,8219.000,0.001193,-0.004,-0.004,-0.005,-0.005,-0.004
11403,2006/06/19,,11,3,7372,12738710,CDNS,CADENCE DESIGN SYSTEMS INC,,CDNS,511210,Q,A,R,9245,24495,3,7372,12738710,,,,,,,,,73.000,737.000,,,,,,,,,,,,,,,16.520,16.920,16.590,2845356.000,-0.011912,16.570,16.580,282506.000,1.000,1.000,16.840,9704.000,-0.011912,-0.010,-0.010,-0.011,-0.011,-0.009
11403,2006/06/20,,11,3,7372,12738710,CDNS,CADENCE DESIGN SYSTEMS INC,,CDNS,511210,Q,A,R,9245,24495,3,7372,12738710,,,,,,,,,73.000,737.000,,,,,,,,,,,,,,,16.510,16.690,16.550,1240536.000,-0.002411,16.550,16.580,282506.000,1.000,1.000,16.510,4539.000,-0.002411,-0.001,-0.001,-0.001,-0.001,-0.000
11403,2006/06/21,,11,3,7372,12738710,CDNS,CADENCE DESIGN SYSTEMS INC,,CDNS,511210,Q,A,R,9245,24495,3,7372,12738710,,,,,,,,,73.000,737.000,,,,,,,,,,,,,,,16.530,16.800,16.750,2383346.000,0.012085,16.730,16.740,282506.000,1.000,1.000,16.580,7010.000,0.012085,0.012,0.012,0.011,0.011,0.010
11403,2006/06/22,,11,3,7372,12738710,CDNS,CADENCE DESIGN SYSTEMS INC,,CDNS,511210,Q,A,R,9245,24495,3,7372,12738710,,,,,,,,0.000,73.000,737.000,,,,,,,,,,,1.000,2.000,48.000,12.000,16.380,16.830,16.570,1709396.000,-0.010746,16.580,16.580,282506.000,1.000,1.000,16.640,7292.000,-0.010746,-0.005,-0.005,-0.003,-0.003,-0.005
11403,2006/06/23,,11,3,7372,12738710,CDNS,CADENCE DESIGN SYSTEMS INC,,CDNS,511210,Q,A,R,9245,24495,3,7372,12738710,,,,,,,,0.000,73.000,737.000,,,,,,,,,,,1.000,2.000,47.000,12.000,16.348,16.770,16.560,1448580.000,-0.000604,16.560,16.570,282506.000,1.000,1.000,16.520,6497.000,-0.000604,0.001,0.001,0.002,0.002,-0.001
11403,2006/06/26,,11,3,7372,12738710,CDNS,CADENCE DESIGN SYSTEMS INC,,CDNS,511210,Q,A,R,9245,24495,3,7372,12738710,,,,,,,,0.000,73.000,737.000,,,,,,,,,,,1.000,2.000,48.000,12.000,16.330,16.800,16.700,2051311.000,0.008454,16.690,16.700,282506.000,1.000,1.000,16.550,7370.000,0.008454,0.006,0.006,0.005,0.005,0.005
11403,2006/06/27,,11,3,7372,12738710,CDNS,CADENCE DESIGN SYSTEMS INC,,CDNS,511210,Q,A,R,9245,24495,3,7372,12738710,,,,,,,,,73.000,737.000,,,,,,,,,,,,,,,16.490,16.780,16.620,2291639.000,-0.004790,16.610,16.620,282506.000,1.000,1.000,16.750,9822.000,-0.004790,-0.010,-0.010,-0.010,-0.010,-0.009
11403,2006/06/28,,11,3,7372,12738710,CDNS,CADENCE DESIGN SYSTEMS INC,,CDNS,511210,Q,A,R,9245,24495,3,7372,12738710,,,,,,,,,73.000,737.000,,,,,,,,,,,,,,,16.394,16.700,16.610,1519372.000,-0.000602,16.600,16.610,282506.000,1.000,1.000,16.700,6482.000,-0.000602,0.005,0.005,0.002,0.002,0.005
11403,2006/06/29,,11,3,7372,12738710,CDNS,CADENCE DESIGN SYSTEMS INC,,CDNS,511210,Q,A,R,9245,24495,3,7372,12738710,,,,,,,,,73.000,737.000,,,,,,,,,,,,,,,16.580,17.340,17.260,4631224.000,0.039133,17.250,17.310,282506.000,1.000,1.000,16.710,12280.000,0.039133,0.024,0.024,0.022,0.022,0.022
11403,2006/06/30,,11,3,7372,12738710,CDNS,CADENCE DESIGN SYSTEMS INC,,CDNS,511210,Q,A,R,9245,24495,3,7372,12738710,,,,,,,,0.000,73.000,737.000,,,,,,,,,,,1.000,2.000,48.000,12.000,17.120,17.500,17.120,3148168.000,-0.008111,17.160,17.190,280565.000,1.000,1.000,17.500,6198.000,-0.008111,0.001,0.001,0.008,0.008,-0.002
11403,2006/07/03,2018/12/31,11,3,7372,12738710,CDNS,CADENCE DESIGN SYSTEMS INC,,CDNS,541511,Q,A,R,9245,24495,3,7372,12738710,,,,,,,,2.000,73.000,737.000,,,,,,,,,,,1.000,6.000,48.000,12.000,17.100,17.520,17.410,677829.000,0.016939,17.430,17.430,280565.000,1.000,1.000,17.230,2770.000,0.016939,0.008,0.008,0.006,0.006,0.008
11403,2006/07/05,,11,3,7372,12738710,CDNS,CADENCE DESIGN SYSTEMS INC,,CDNS,541511,Q,A,R,9245,24495,3,7372,12738710,,,,,,,,,73.000,737.000,,,,,,,,,,,,,,,16.680,17.460,16.990,2614801.000,-0.024124,16.970,16.990,280565.000,1.000,1.000,17.350,9741.000,-0.024124,-0.008,-0.009,-0.008,-0.008,-0.007
11403,2006/07/06,,11,3,7372,12738710,CDNS,CADENCE DESIGN SYSTEMS INC,,CDNS,541511,Q,A,R,9245,24495,3,7372,12738710,,,,,,,,,73.000,737.000,,,,,,,,,,,,,,,16.750,17.070,16.860,1422437.000,-0.007652,16.830,16.850,280565.000,1.000,1.000,16.920,6186.000,-0.007652,0.002,0.002,0.002,0.002,0.002
11403,2006/07/07,,11,3,7372,12738710,CDNS,CADENCE DESIGN SYSTEMS INC,,CDNS,541511,Q,A,R,9245,24495,3,7372,12738710,,,,,,,,,73.000,737.000,,,,,,,,,,,,,,,16.560,16.960,16.710,1933387.000,-0.008897,16.700,16.710,280565.000,1.000,1.000,16.750,7580.000,-0.008897,-0.008,-0.008,-0.009,-0.009,-0.007
11403,2006/07/10,,11,3,7372,12738710,CDNS,CADENCE DESIGN SYSTEMS INC,,CDNS,541511,Q,A,R,9245,24495,3,7372,12738710,,,,,,,,,73.000,737.000,,,,,,,,,,,,,,,16.280,16.830,16.340,1789057.000,-0.022142,16.340,16.340,280565.000,1.000,1.000,16.730,7409.000,-0.022142,0.000,0.000,-0.002,-0.002,0.001
11403,2006/07/11,,11,3,7372,12738710,CDNS,CADENCE DESIGN SYSTEMS INC,,CDNS,541511,Q,A,R,9245,24495,3,7372,12738710,,,,,,,,,73.000,737.000,,,,,,,,,,,,,,,16.150,16.420,16.270,2757447.000,-0.004284,16.270,16.300,280565.000,1.000,1.000,16.280,9034.000,-0.004284,0.004,0.004,0.003,0.003,0.004
11403,2006/07/12,,11,3,7372,12738710,CDNS,CADENCE DESIGN SYSTEMS INC,,CDNS,541511,Q,A,R,9245,24495,3,7372,12738710,,,,,,,,2.000,73.000,737.000,,,,,,,,,,,1.000,6.000,49.000,12.000,15.950,16.300,16.080,3113696.000,-0.011678,16.080,16.080,280565.000,1.000,1.000,16.190,8278.000,-0.011678,-0.011,-0.011,-0.010,-0.010,-0.011
11403,2006/07/13,,11,3,7372,12738710,CDNS,CADENCE DESIGN SYSTEMS INC,,CDNS,541511,Q,A,R,9245,24495,3,7372,12738710,,,,,,,,2.000,73.000,737.000,,,,,,,,,,,1.000,6.000,48.000,12.000,15.980,16.370,16.100,2795639.000,0.001244,16.100,16.100,280565.000,1.000,1.000,16.180,10764.000,0.001244,-0.014,-0.014,-0.015,-0.015,-0.013
11403,2006/07/14,,11,3,7372,12738710,CDNS,CADENCE DESIGN SYSTEMS INC,,CDNS,541511,Q,A,R,9245,24495,3,7372,12738710,,,,,,,,,73.000,737.000,,,,,,,,,,,,,,,15.390,16.180,15.450,6121851.000,-0.040373,15.450,15.470,280565.000,1.000,1.000,16.030,16610.000,-0.040373,-0.005,-0.005,-0.007,-0.007,-0.005
11403,2006/07/17,,11,3,7372,12738710,CDNS,CADENCE DESIGN SYSTEMS INC,,CDNS,541511,Q,A,R,9245,24495,3,7372,12738710,,,,,,,,2.000,73.000,737.000,,,,,,,,,,,1.000,6.000,47.000,12.000,15.230,15.580,15.400,3933582.000,-0.003236,15.390,15.400,280565.000,1.000,1.000,15.440,13431.000,-0.003236,-0.004,-0.004,-0.007,-0.007,-0.001
11403,2006/07/18,,11,3,7372,12738710,CDNS,CADENCE DESIGN SYSTEMS INC,,CDNS,541511,Q,A,R,9245,24495,3,7372,12738710,,,,,,,,2.000,73.000,737.000,,,,,,,,,,,1.000,6.000,48.000,12.000,15.050,15.620,15.370,2970979.000,-0.001948,15.360,15.370,280565.000,1.000,1.000,15.410,10399.000,-0.001948,0.002,0.002,0.000,0.000,0.002
11403,2006/07/19,,11,3,7372,12738710,CDNS,CADENCE DESIGN SYSTEMS INC,,CDNS,541511,Q,A,R,9245,24495,3,7372,12738710,,,,,,,,,73.000,737.000,,,,,,,,,,,,,,,15.240,15.680,15.410,3344299.000,0.002602,15.400,15.410,280565.000,1.000,1.000,15.390,10085.000,0.002602,0.020,0.020,0.019,0.019,0.019
11403,2006/07/20,,11,3,7372,12738710,CDNS,CADENCE DESIGN SYSTEMS INC,,CDNS,541511,Q,A,R,9245,24495,3,7372,12738710,,,,,,,,2.000,73.000,737.000,,,,,,,,,,,1.000,6.000,47.000,12.000,15.230,15.720,15.280,7186152.000,-0.008436,15.280,15.280,280565.000,1.000,1.000,15.360,12678.000,-0.008436,-0.011,-0.011,-0.013,-0.014,-0.008
11403,2006/07/21,,11,3,7372,12738710,CDNS,CADENCE DESIGN SYSTEMS INC,,CDNS,541511,Q,A,R,9245,24495,3,7372,12738710,,,,,,,,2.000,73.000,737.000,,,,,,,,,,,1.000,6.000,48.000,12.000,14.930,15.330,15.000,3168510.000,-0.018325,14.980,15.000,280565.000,1.000,1.000,15.250,15109.000,-0.018325,-0.009,-0.009,-0.011,-0.011,-0.007
11403,2006/07/24,,11,3,7372,12738710,CDNS,CADENCE DESIGN SYSTEMS INC,,CDNS,541511,Q,A,R,9245,24495,3,7372,12738710,,,,,,,,,73.000,737.000,,,,,,,,,,,,,,,15.040,15.330,15.270,2795355.000,0.018000,15.290,15.290,280565.000,1.000,1.000,15.140,7536.000,0.018000,0.018,0.018,0.015,0.015,0.017
11403,2006/07/25,,11,3,7372,12738710,CDNS,CADENCE DESIGN SYSTEMS INC,,CDNS,541511,Q,A,R,9245,24495,3,7372,12738710,,,,,,,,2.000,73.000,737.000,,,,,,,,,,,1.000,6.000,47.000,12.000,15.150,15.450,15.440,2663244.000,0.011133,15.440,15.440,280565.000,1.000,1.000,15.230,8450.000,0.011133,0.008,0.008,0.006,0.006,0.006
11403,2006/07/26,,11,3,7372,12738710,CDNS,CADENCE DESIGN SYSTEMS INC,,CDNS,541511,Q,A,R,9245,24495,3,7372,12738710,,,,,,,,,73.000,737.000,,,,,,,,,,,,,,,15.160,15.720,15.570,3257553.000,0.008420,15.570,15.580,280565.000,1.000,1.000,15.480,11560.000,0.008420,0.000,0.000,0.001,0.001,-0.000
11403,2006/07/27,,11,3,7372,12738710,CDNS,CADENCE DESIGN SYSTEMS INC,,CDNS,541511,Q,A,R,9245,24495,3,7372,12738710,,,,,,,,2.000,73.000,737.000,,,,,,,,,,,1.000,6.000,49.000,12.000,15.330,16.160,15.420,5028167.000,-0.009634,15.420,15.420,280565.000,1.000,1.000,15.685,12790.000,-0.009634,-0.005,-0.006,-0.005,-0.006,-0.004
11403,2006/07/28,,11,3,7372,12738710,CDNS,CADENCE DESIGN SYSTEMS INC,,CDNS,541511,Q,A,R,9245,24495,3,7372,12738710,,,,,,,,,73.000,737.000,,,,,,,,,,,,,,,15.370,16.050,16.030,3053549.000,0.039559,16.020,16.030,280565.000,1.000,1.000,15.560,10315.000,0.039559,0.013,0.013,0.012,0.012,0.012
11403,2006/07/31,,11,3,7372,12738710,CDNS,CADENCE DESIGN SYSTEMS INC,,CDNS,541511,Q,A,R,9245,24495,3,7372,12738710,,,,,,,,2.000,73.000,737.000,,,,,,,,,,,1.000,6.000,48.000,12.000,15.860,16.270,16.180,2838597.000,0.009357,16.200,16.220,280565.000,1.000,1.000,15.960,9140.000,0.009357,-0.001,-0.001,0.002,0.002,-0.001
11403,2006/08/01,,11,3,7372,12738710,CDNS,CADENCE DESIGN SYSTEMS INC,,CDNS,541511,Q,A,R,9245,24495,3,7372,12738710,,,,,,,,,73.000,737.000,,,,,,,,,,,,,,,15.750,16.010,15.890,2222519.000,-0.017923,15.890,15.900,280565.000,1.000,1.000,15.950,8945.000,-0.017923,-0.005,-0.005,-0.008,-0.008,-0.004
11403,2006/08/02,,11,3,7372,12738710,CDNS,CADENCE DESIGN SYSTEMS INC,,CDNS,541511,Q,A,R,9245,24495,3,7372,12738710,,,,,,,,,73.000,737.000,,,,,,,,,,,,,,,15.940,16.210,16.100,2385120.000,0.013216,16.080,16.090,280565.000,1.000,1.000,15.980,9272.000,0.013216,0.007,0.007,0.007,0.007,0.006
11403,2006/08/03,,11,3,7372,12738710,CDNS,CADENCE DESIGN SYSTEMS INC,,CDNS,541511,Q,A,R,9245,24495,3,7372,12738710,,,,,,,,,73.000,737.000,,,,,,,,,,,,,,,15.910,16.070,15.990,2190653.000,-0.006832,15.980,15.980,280565.000,1.000,1.000,15.950,7442.000,-0.006832,0.002,0.002,0.004,0.004,0.001
11403,2006/08/04,,11,3,7372,12738710,CDNS,CADENCE DESIGN SYSTEMS INC,,CDNS,541511,Q,A,R,9245,24495,3,7372,12738710,,,,,,,,2.000,73.000,737.000,,,,,,,,,,,1.000,6.000,49.000,12.000,15.740,16.260,15.870,1999261.000,-0.007505,15.870,15.880,280565.000,1.000,1.000,16.150,8012.000,-0.007505,-0.001,-0.001,-0.002,-0.002,-0.001
11403,2006/08/07,,11,3,7372,12738710,CDNS,CADENCE DESIGN SYSTEMS INC,,CDNS,541511,Q,A,R,9245,24495,3,7372,12738710,,,,,,,,,73.000,737.000,,,,,,,,,,,,,,,15.760,15.990,15.800,1633436.000,-0.004411,15.800,15.800,280565.000,1.000,1.000,15.930,5425.000,-0.004411,-0.003,-0.003,-0.004,-0.004,-0.003
11403,2006/08/08,,11,3,7372,12738710,CDNS,CADENCE DESIGN SYSTEMS INC,,CDNS,541511,Q,A,R,9245,24495,3,7372,12738710,,,,,,,,2.000,73.000,737.000,,,,,,,,,,,1.000,6.000,48.000,12.000,15.420,15.920,15.600,2026357.000,-0.012658,15.600,15.610,280565.000,1.000,1.000,15.900,8350.000,-0.012658,-0.004,-0.004,-0.006,-0.006,-0.003
11403,2006/08/09,,11,3,7372,12738710,CDNS,CADENCE DESIGN SYSTEMS INC,,CDNS,541511,Q,A,R,9245,24495,3,7372,12738710,,,,,,,,2.000,73.000,737.000,,,,,,,,,,,1.000,6.000,49.000,12.000,15.630,15.990,15.670,1986907.000,0.004487,15.670,15.680,280565.000,1.000,1.000,15.800,8037.000,0.004487,-0.004,-0.004,-0.005,-0.005,-0.004
11403,2006/08/10,,11,3,7372,12738710,CDNS,CADENCE DESIGN SYSTEMS INC,,CDNS,541511,Q,A,R,9245,24495,3,7372,12738710,,,,,,,,2.000,73.000,737.000,,,,,,,,,,,1.000,6.000,50.000,12.000,15.590,16.020,16.010,2510713.000,0.021698,16.000,16.010,280565.000,1.000,1.000,15.590,9201.000,0.021698,0.004,0.004,0.003,0.002,0.005
11403,2006/08/11,,11,3,7372,12738710,CDNS,CADENCE DESIGN SYSTEMS INC,,CDNS,541511,Q,A,R,9245,24495,3,7372,12738710,,,,,,,,2.000,73.000,737.000,,,,,,,,,,,1.000,6.000,51.000,12.000,15.870,16.070,15.950,1284130.000,-0.003748,15.940,15.950,280565.000,1.000,1.000,16.020,5272.000,-0.003748,-0.005,-0.005,-0.006,-0.007,-0.004
11403,2006/08/14,,11,3,7372,12738710,CDNS,CADENCE DESIGN SYSTEMS INC,,CDNS,541511,Q,A,R,9245,24495,3,7372,12738710,,,,,,,,2.000,73.000,737.000,,,,,,,,,,,1.000,6.000,49.000,12.000,15.960,16.300,16.070,1401893.000,0.007524,16.070,16.070,280565.000,1.000,1.000,16.150,5990.000,0.007524,0.001,0.001,0.000,0.000,0.001
11403,2006/08/15,,11,3,7372,12738710,CDNS,CADENCE DESIGN SYSTEMS INC,,CDNS,541511,Q,A,R,9245,24495,3,7372,12738710,,,,,,,,2.000,73.000,737.000,,,,,,,,,,,1.000,6.000,52.000,12.000,16.200,16.910,16.820,3850223.000,0.046671,16.820,16.820,280565.000,1.000,1.000,16.280,9214.000,0.046671,0.015,0.015,0.013,0.013,0.014
11403,2006/08/16,,11,3,7372,12738710,CDNS,CADENCE DESIGN SYSTEMS INC,,CDNS,541511,Q,A,R,9245,24495,3,7372,12738710,,,,,,,,2.000,73.000,737.000,,,,,,,,,,,1.000,6.000,51.000,12.000,16.460,16.790,16.790,4346886.000,-0.001784,16.780,16.780,280565.000,1.000,1.000,16.740,6766.000,-0.001784,0.009,0.009,0.010,0.010,0.008
11403,2006/08/17,,11,3,7372,12738710,CDNS,CADENCE DESIGN SYSTEMS INC,,CDNS,541511,Q,A,R,9245,24495,3,7372,12738710,,,,,,,,2.000,73.000,737.000,,,,,,,,,,,1.000,6.000,50.000,12.000,16.650,17.000,16.770,1712724.000,-0.001191,16.780,16.790,280565.000,1.000,1.000,16.650,7549.000,-0.001191,0.001,0.001,0.003,0.003,0.002
11403,2006/08/18,,11,3,7372,12738710,CDNS,CADENCE DESIGN SYSTEMS INC,,CDNS,541511,Q,A,R,9245,24495,3,7372,12738710,,,,,,,,2.000,73.000,737.000,,,,,,,,,,,1.000,6.000,51.000,12.000,16.520,16.930,16.840,1380013.000,0.004174,16.840,16.850,280565.000,1.000,1.000,16.790,5507.000,0.004174,0.003,0.003,0.003,0.003,0.004
11403,2006/08/21,,11,3,7372,12738710,CDNS,CADENCE DESIGN SYSTEMS INC,,CDNS,541511,Q,A,R,9245,24495,3,7372,12738710,,,,,,,,2.000,73.000,737.000,,,,,,,,,,,1.000,6.000,52.000,12.000,16.440,16.800,16.630,1299277.000,-0.012470,16.640,16.640,280565.000,1.000,1.000,16.800,5741.000,-0.012470,-0.003,-0.003,-0.003,-0.003,-0.004
11403,2006/08/22,,11,3,7372,12738710,CDNS,CADENCE DESIGN SYSTEMS INC,,CDNS,541511,Q,A,R,9245,24495,3,7372,12738710,,,,,,,,2.000,73.000,737.000,,,,,,,,,,,1.000,6.000,51.000,12.000,16.400,16.780,16.400,1932809.000,-0.013830,16.400,16.410,280565.000,1.000,1.000,16.540,6817.000,-0.013830,0.001,0.001,0.003,0.003,0.001
11403,2006/08/23,,11,3,7372,12738710,CDNS,CADENCE DESIGN SYSTEMS INC,,CDNS,541511,Q,A,R,9245,24495,3,7372,12738710,,,,,,,,2.000,73.000,737.000,,,,,,,,,,,1.000,6.000,53.000,12.000,16.210,16.780,16.500,2176135.000,0.006098,16.470,16.500,280565.000,1.000,1.000,16.460,10292.000,0.006098,-0.005,-0.005,-0.006,-0.006,-0.004
11403,2006/08/24,,11,3,7372,12738710,CDNS,CADENCE DESIGN SYSTEMS INC,,CDNS,541511,Q,A,R,9245,24495,3,7372,12738710,,,,,,,,,73.000,737.000,,,,,,,,,,,,,,,16.220,16.670,16.440,1266845.000,-0.003636,16.430,16.440,280565.000,1.000,1.000,16.580,6614.000,-0.003636,0.001,0.001,0.001,0.001,0.002
11403,2006/08/25,,11,3,7372,12738710,CDNS,CADENCE DESIGN SYSTEMS INC,,CDNS,541511,Q,A,R,9245,24495,3,7372,12738710,,,,,,,,2.000,73.000,737.000,,,,,,,,,,,1.000,6.000,51.000,12.000,16.180,16.520,16.300,1379351.000,-0.008516,16.300,16.310,280565.000,1.000,1.000,16.355,6066.000,-0.008516,-0.000,-0.000,0.002,0.002,-0.001
11403,2006/08/28,,11,3,7372,12738710,CDNS,CADENCE DESIGN SYSTEMS INC,,CDNS,541511,Q,A,R,9245,24495,3,7372,12738710,,,,,,,,2.000,73.000,737.000,,,,,,,,,,,1.000,6.000,52.000,12.000,16.260,16.650,16.540,1329115.000,0.014724,16.530,16.500,280565.000,1.000,1.000,16.390,5918.000,0.014724,0.006,0.006,0.005,0.005,0.005
11403,2006/08/29,,11,3,7372,12738710,CDNS,CADENCE DESIGN SYSTEMS INC,,CDNS,541511,Q,A,R,9245,24495,3,7372,12738710,,,,,,,,2.000,73.000,737.000,,,,,,,,,,,1.000,6.000,53.000,12.000,16.320,16.570,16.420,1982308.000,-0.007255,16.420,16.430,280565.000,1.000,1.000,16.550,7285.000,-0.007255,0.003,0.003,0.007,0.007,0.002
11403,2006/08/30,,11,3,7372,12738710,CDNS,CADENCE DESIGN SYSTEMS INC,,CDNS,541511,Q,A,R,9245,24495,3,7372,12738710,,,,,,,,,73.000,737.000,,,,,,,,,,,,,,,16.290,16.590,16.500,1771175.000,0.004872,16.500,16.500,280565.000,1.000,1.000,16.370,7371.000,0.004872,0.001,0.001,0.005,0.005,-0.000
11403,2006/08/31,,11,3,7372,12738710,CDNS,CADENCE DESIGN SYSTEMS INC,,CDNS,541511,Q,A,R,9245,24495,3,7372,12738710,,,,,,,,,73.000,737.000,,,,,,,,,,,,,,,16.350,16.690,16.440,1636450.000,-0.003636,16.420,16.420,280565.000,1.000,1.000,16.580,6291.000,-0.003636,0.001,0.001,0.003,0.003,-0.000
11403,2006/09/01,,11,3,7372,12738710,CDNS,CADENCE DESIGN SYSTEMS INC,,CDNS,541511,Q,A,R,9245,24495,3,7372,12738710,,,,,,,,2.000,73.000,737.000,,,,,,,,,,,1.000,6.000,52.000,12.000,16.290,16.710,16.320,1521013.000,-0.007299,16.320,16.320,280565.000,1.000,1.000,16.500,6464.000,-0.007299,0.005,0.005,0.004,0.004,0.006
11403,2006/09/05,,11,3,7372,12738710,CDNS,CADENCE DESIGN SYSTEMS INC,,CDNS,541511,Q,A,R,9245,24495,3,7372,12738710,,,,,,,,,73.000,737.000,,,,,,,,,,,,,,,16.160,16.550,16.470,1488636.000,0.009191,16.470,16.480,280565.000,1.000,1.000,16.260,6455.000,0.009191,0.003,0.003,0.004,0.004,0.002
11403,2006/09/06,,11,3,7372,12738710,CDNS,CADENCE DESIGN SYSTEMS INC,,CDNS,541511,Q,A,R,9245,24495,3,7372,12738710,,,,,,,,,73.000,737.000,,,,,,,,,,,,,,,15.990,16.430,16.020,4733295.000,-0.027322,16.020,16.030,280565.000,1.000,1.000,16.300,8462.000,-0.027322,-0.011,-0.012,-0.013,-0.013,-0.010
11403,2006/09/07,,11,3,7372,12738710,CDNS,CADENCE DESIGN SYSTEMS INC,,CDNS,541511,Q,A,R,9245,24495,3,7372,12738710,,,,,,,,2.000,73.000,737.000,,,,,,,,,,,1.000,6.000,53.000,12.000,15.780,16.130,15.790,1678977.000,-0.014357,15.790,15.800,280565.000,1.000,1.000,16.060,7258.000,-0.014357,-0.005,-0.005,-0.005,-0.005,-0.005
11403,2006/09/08,,11,3,7372,12738710,CDNS,CADENCE DESIGN SYSTEMS INC,,CDNS,541511,Q,A,R,9245,24495,3,7372,12738710,,,,,,,,,73.000,737.000,,,,,,,,,,,,,,,15.770,16.200,16.130,2130769.000,0.021533,16.120,16.110,280565.000,1.000,1.000,15.860,7446.000,0.021533,0.002,0.002,0.001,0.001,0.004
11403,2006/09/11,,11,3,7372,12738710,CDNS,CADENCE DESIGN SYSTEMS INC,,CDNS,541511,Q,A,R,9245,24495,3,7372,12738710,,,,,,,,,73.000,737.000,,,,,,,,,,,,,,,15.800,16.120,16.100,1315162.000,-0.001860,16.090,16.100,280565.000,1.000,1.000,16.080,6281.000,-0.001860,-0.002,-0.002,-0.004,-0.004,0.000
11403,2006/09/12,,11,3,7372,12738710,CDNS,CADENCE DESIGN SYSTEMS INC,,CDNS,541511,Q,A,R,9245,24495,3,7372,12738710,,,,,,,,,73.000,737.000,,,,,,,,,,,,,,,15.850,16.480,16.480,2038438.000,0.023602,16.470,16.460,280565.000,1.000,1.000,16.030,7827.000,0.023602,0.011,0.011,0.012,0.012,0.010
11403,2006/09/13,,11,3,7372,12738710,CDNS,CADENCE DESIGN SYSTEMS INC,,CDNS,541511,Q,A,R,9245,24495,3,7372,12738710,,,,,,,,,73.000,737.000,,,,,,,,,,,,,,,16.400,16.820,16.720,2691741.000,0.014563,16.720,16.730,280565.000,1.000,1.000,16.400,11069.000,0.014563,0.005,0.005,0.007,0.006,0.004
11403,2006/09/14,,11,3,7372,12738710,CDNS,CADENCE DESIGN SYSTEMS INC,,CDNS,541511,Q,A,R,9245,24495,3,7372,12738710,,,,,,,,,73.000,737.000,,,,,,,,,,,,,,,16.500,16.740,16.620,1395557.000,-0.005981,16.640,16.640,280565.000,1.000,1.000,16.670,5669.000,-0.005981,-0.002,-0.002,-0.002,-0.002,-0.001
11403,2006/09/15,,11,3,7372,12738710,CDNS,CADENCE DESIGN SYSTEMS INC,,CDNS,541511,Q,A,R,9245,24495,3,7372,12738710,,,,,,,,,73.000,737.000,,,,,,,,,,,,,,,16.490,16.770,16.490,2899339.000,-0.007822,16.500,16.500,280565.000,1.000,1.000,16.700,5677.000,-0.007822,0.002,0.002,0.002,0.001,0.003
11403,2006/09/18,,11,3,7372,12738710,CDNS,CADENCE DESIGN SYSTEMS INC,,CDNS,541511,Q,A,R,9245,24495,3,7372,12738710,,,,,,,,,73.000,737.000,,,,,,,,,,,,,,,16.420,16.690,16.460,904215.000,-0.001819,16.450,16.460,280565.000,1.000,1.000,16.550,4593.000,-0.001819,0.002,0.002,0.001,0.001,0.001
11403,2006/09/19,,11,3,7372,12738710,CDNS,CADENCE DESIGN SYSTEMS INC,,CDNS,541511,Q,A,R,9245,24495,3,7372,12738710,,,,,,,,,73.000,737.000,,,,,,,,,,,,,,,16.370,16.720,16.630,1378000.000,0.010328,16.640,16.640,280565.000,1.000,1.000,16.460,7522.000,0.010328,-0.003,-0.003,-0.004,-0.004,-0.002
11403,2006/09/20,,11,3,7372,12738710,CDNS,CADENCE DESIGN SYSTEMS INC,,CDNS,541511,Q,A,R,9245,24495,3,7372,12738710,,,,,,,,,73.000,737.000,,,,,,,,,,,,,,,16.630,16.870,16.780,1519584.000,0.009020,16.770,16.750,280565.000,1.000,1.000,16.730,6223.000,0.009020,0.005,0.005,0.005,0.005,0.005
11403,2006/09/21,,11,3,7372,12738710,CDNS,CADENCE DESIGN SYSTEMS INC,,CDNS,541511,Q,A,R,9245,24495,3,7372,12738710,,,,,,,,,73.000,737.000,,,,,,,,,,,,,,,16.580,16.860,16.580,1340509.000,-0.011919,16.590,16.600,280565.000,1.000,1.000,16.750,6772.000,-0.011919,-0.004,-0.005,-0.004,-0.004,-0.005
11403,2006/09/22,,11,3,7372,12738710,CDNS,CADENCE DESIGN SYSTEMS INC,,CDNS,541511,Q,A,R,9245,24495,3,7372,12738710,,,,,,,,2.000,73.000,737.000,,,,,,,,,,,1.000,6.000,55.000,12.000,16.310,16.730,16.450,1227917.000,-0.007841,16.450,16.460,280565.000,1.000,1.000,16.540,6508.000,-0.007841,-0.004,-0.004,-0.005,-0.005,-0.002
11403,2006/09/25,,11,3,7372,12738710,CDNS,CADENCE DESIGN SYSTEMS INC,,CDNS,541511,Q,A,R,9245,24495,3,7372,12738710,,,,,,,,2.000,73.000,737.000,,,,,,,,,,,1.000,6.000,53.000,12.000,16.330,16.700,16.610,2034369.000,0.009726,16.620,16.600,280565.000,1.000,1.000,16.560,8765.000,0.009726,0.008,0.008,0.005,0.005,0.009
11403,2006/09/26,,11,3,7372,12738710,CDNS,CADENCE DESIGN SYSTEMS INC,,CDNS,541511,Q,A,R,9245,24495,3,7372,12738710,,,,,,,,2.000,73.000,737.000,,,,,,,,,,,1.000,6.000,54.000,12.000,16.450,16.840,16.820,1094942.000,0.012643,16.820,16.830,280565.000,1.000,1.000,16.560,5472.000,0.012643,0.007,0.007,0.004,0.004,0.008
11403,2006/09/27,,11,3,7372,12738710,CDNS,CADENCE DESIGN SYSTEMS INC,,CDNS,541511,Q,A,R,9245,24495,3,7372,12738710,,,,,,,,2.000,73.000,737.000,,,,,,,,,,,1.000,6.000,55.000,12.000,16.700,16.950,16.750,1379527.000,-0.004162,16.750,16.760,280565.000,1.000,1.000,16.770,6770.000,-0.004162,0.002,0.002,0.004,0.003,0.000
11403,2006/09/28,,11,3,7372,12738710,CDNS,CADENCE DESIGN SYSTEMS INC,,CDNS,541511,Q,A,R,9245,24495,3,7372,12738710,,,,,,,,2.000,73.000,737.000,,,,,,,,,,,1.000,6.000,56.000,12.000,16.740,17.030,17.020,1899162.000,0.016119,17.020,17.030,280565.000,1.000,1.000,16.800,7317.000,0.016119,0.002,0.002,0.001,0.001,0.002
11403,2006/09/29,,11,3,7372,12738710,CDNS,CADENCE DESIGN SYSTEMS INC,,CDNS,541511,Q,A,R,9245,24495,3,7372,12738710,,,,,,,,0.000,73.000,737.000,,,,,,,,,,,1.000,6.000,55.000,12.000,16.890,17.190,16.960,1516123.000,-0.003525,16.950,16.960,277443.000,1.000,1.000,17.050,5720.000,-0.003525,-0.003,-0.003,-0.002,-0.002,-0.002
11403,2006/10/02,,11,3,7372,12738710,CDNS,CADENCE DESIGN SYSTEMS INC,,CDNS,541511,Q,A,R,9245,24495,3,7372,12738710,,,,,,,,0.000,73.000,737.000,,,,,,,,,,,1.000,6.000,55.000,12.000,16.750,17.070,16.770,1486195.000,-0.011203,16.770,16.780,277443.000,1.000,1.000,17.020,6271.000,-0.011203,-0.004,-0.004,-0.006,-0.006,-0.003
11403,2006/10/03,,11,3,7372,12738710,CDNS,CADENCE DESIGN SYSTEMS INC,,CDNS,541511,Q,A,R,9245,24495,3,7372,12738710,,,,,,,,,73.000,737.000,,,,,,,,,,,,,,,16.700,17.100,16.820,1401096.000,0.002981,16.810,16.820,277443.000,1.000,1.000,16.770,6544.000,0.002981,-0.000,-0.000,-0.003,-0.003,0.002
11403,2006/10/04,,11,3,7372,12738710,CDNS,CADENCE DESIGN SYSTEMS INC,,CDNS,541511,Q,A,R,9245,24495,3,7372,12738710,,,,,,,,,73.000,737.000,,,,,,,,,,,,,,,16.760,17.400,17.320,1938372.000,0.029727,17.310,17.300,277443.000,1.000,1.000,16.760,8000.000,0.029727,0.012,0.012,0.011,0.011,0.012
11403,2006/10/05,,11,3,7372,12738710,CDNS,CADENCE DESIGN SYSTEMS INC,,CDNS,541511,Q,A,R,9245,24495,3,7372,12738710,,,,,,,,,73.000,737.000,,,,,,,,,,,,,,,17.120,17.510,17.430,2345458.000,0.006351,17.410,17.400,277443.000,1.000,1.000,17.210,7393.000,0.006351,0.005,0.005,0.009,0.008,0.002
11403,2006/10/06,,11,3,7372,12738710,CDNS,CADENCE DESIGN SYSTEMS INC,,CDNS,541511,Q,A,R,9245,24495,3,7372,12738710,,,,,,,,,73.000,737.000,,,,,,,,,,,,,,,17.220,17.540,17.390,1908986.000,-0.002295,17.390,17.390,277443.000,1.000,1.000,17.410,5965.000,-0.002295,-0.003,-0.003,-0.001,-0.001,-0.003
11403,2006/10/09,,11,3,7372,12738710,CDNS,CADENCE DESIGN SYSTEMS INC,,CDNS,541511,Q,A,R,9245,24495,3,7372,12738710,,,,,,,,,73.000,737.000,,,,,,,,,,,,,,,17.130,17.470,17.360,959996.000,-0.001725,17.350,17.360,277443.000,1.000,1.000,17.280,4530.000,-0.001725,0.002,0.002,0.004,0.004,0.001
11403,2006/10/10,,11,3,7372,12738710,CDNS,CADENCE DESIGN SYSTEMS INC,,CDNS,541511,Q,A,R,9245,24495,3,7372,12738710,,,,,,,,,73.000,737.000,,,,,,,,,,,,,,,17.230,17.490,17.470,1328177.000,0.006336,17.460,17.470,277443.000,1.000,1.000,17.360,6716.000,0.006336,0.002,0.002,0.003,0.003,0.002
11403,2006/10/11,,11,3,7372,12738710,CDNS,CADENCE DESIGN SYSTEMS INC,,CDNS,541511,Q,A,R,9245,24495,3,7372,12738710,,,,,,,,,73.000,737.000,,,,,,,,,,,,,,,17.310,17.570,17.500,2014792.000,0.001717,17.490,17.500,277443.000,1.000,1.000,17.500,9561.000,0.001717,-0.004,-0.004,-0.003,-0.003,-0.003
11403,2006/10/12,,11,3,7372,12738710,CDNS,CADENCE DESIGN SYSTEMS INC,,CDNS,541511,Q,A,R,9245,24495,3,7372,12738710,,,,,,,,0.000,73.000,737.000,,,,,,,,,,,1.000,6.000,54.000,12.000,17.490,17.850,17.790,2003337.000,0.016571,17.800,17.800,277443.000,1.000,1.000,17.620,6813.000,0.016571,0.011,0.011,0.013,0.013,0.010
11403,2006/10/13,,11,3,7372,12738710,CDNS,CADENCE DESIGN SYSTEMS INC,,CDNS,541511,Q,A,R,9245,24495,3,7372,12738710,,,,,,,,0.000,73.000,737.000,,,,,,,,,,,1.000,6.000,56.000,12.000,17.630,18.140,17.900,3091364.000,0.006183,17.890,17.880,277443.000,1.000,1.000,17.840,9403.000,0.006183,0.003,0.003,0.005,0.005,0.002
11403,2006/10/16,,11,3,7372,12738710,CDNS,CADENCE DESIGN SYSTEMS INC,,CDNS,541511,Q,A,R,9245,24495,3,7372,12738710,,,,,,,,,73.000,737.000,,,,,,,,,,,,,,,17.620,17.940,17.730,1741952.000,-0.009497,17.730,17.740,277443.000,1.000,1.000,17.940,6516.000,-0.009497,0.004,0.004,0.008,0.007,0.003
11403,2006/10/17,,11,3,7372,12738710,CDNS,CADENCE DESIGN SYSTEMS INC,,CDNS,541511,Q,A,R,9245,24495,3,7372,12738710,,,,,,,,,73.000,737.000,,,,,,,,,,,,,,,17.450,17.860,17.680,1151928.000,-0.002820,17.680,17.690,277443.000,1.000,1.000,17.780,5113.000,-0.002820,-0.005,-0.005,-0.004,-0.004,-0.004
11403,2006/10/18,,11,3,7372,12738710,CDNS,CADENCE DESIGN SYSTEMS INC,,CDNS,541511,Q,A,R,9245,24495,3,7372,12738710,,,,,,,,,73.000,737.000,,,,,,,,,,,,,,,17.640,17.940,17.710,1247165.000,0.001697,17.720,17.710,277443.000,1.000,1.000,17.840,6560.000,0.001697,0.001,0.001,0.001,0.000,0.001
11403,2006/10/19,,11,3,7372,12738710,CDNS,CADENCE DESIGN SYSTEMS INC,,CDNS,541511,Q,A,R,9245,24495,3,7372,12738710,,,,,,,,,73.000,737.000,,,,,,,,,,,,,,,17.510,17.740,17.680,872666.000,-0.001694,17.670,17.670,277443.000,1.000,1.000,17.620,4663.000,-0.001694,0.002,0.002,0.005,0.005,0.001
11403,2006/10/20,,11,3,7372,12738710,CDNS,CADENCE DESIGN SYSTEMS INC,,CDNS,541511,Q,A,R,9245,24495,3,7372,12738710,,,,,,,,,73.000,737.000,,,,,,,,,,,,,,,17.430,17.750,17.580,1288261.000,-0.005656,17.580,17.570,277443.000,1.000,1.000,17.740,5110.000,-0.005656,-0.000,-0.000,-0.003,-0.003,0.001
11403,2006/10/23,,11,3,7372,12738710,CDNS,CADENCE DESIGN SYSTEMS INC,,CDNS,541511,Q,A,R,9245,24495,3,7372,12738710,,,,,,,,,73.000,737.000,,,,,,,,,,,,,,,17.420,17.960,17.920,1310685.000,0.019340,17.910,17.920,277443.000,1.000,1.000,17.440,5787.000,0.019340,0.005,0.005,0.001,0.001,0.006
11403,2006/10/24,,11,3,7372,12738710,CDNS,CADENCE DESIGN SYSTEMS INC,,CDNS,541511,Q,A,R,9245,24495,3,7372,12738710,,,,,,,,,73.000,737.000,,,,,,,,,,,,,,,17.590,17.880,17.710,1032839.000,-0.011719,17.710,17.720,277443.000,1.000,1.000,17.820,4865.000,-0.011719,0.001,0.001,0.000,0.000,0.000
11403,2006/10/25,,11,3,7372,12738710,CDNS,CADENCE DESIGN SYSTEMS INC,,CDNS,541511,Q,A,R,9245,24495,3,7372,12738710,,,,,,,,,73.000,737.000,,,,,,,,,,,,,,,17.530,17.870,17.670,1189259.000,-0.002259,17.670,17.680,277443.000,1.000,1.000,17.640,6351.000,-0.002259,0.004,0.004,0.004,0.004,0.004
11403,2006/10/26,,11,3,7372,12738710,CDNS,CADENCE DESIGN SYSTEMS INC,,CDNS,541511,Q,A,R,9245,24495,3,7372,12738710,,,,,,,,,73.000,737.000,,,,,,,,,,,,,,,17.410,18.020,17.800,2578348.000,0.007357,17.780,17.790,277443.000,1.000,1.000,17.630,10374.000,0.007357,0.006,0.006,0.007,0.007,0.005
11403,2006/10/27,,11,3,7372,12738710,CDNS,CADENCE DESIGN SYSTEMS INC,,CDNS,541511,Q,A,R,9245,24495,3,7372,12738710,,,,,,,,,73.000,737.000,,,,,,,,,,,,,,,17.660,17.920,17.750,2614296.000,-0.002809,17.760,17.770,277443.000,1.000,1.000,17.800,8398.000,-0.002809,-0.008,-0.008,-0.005,-0.006,-0.008
11403,2006/10/30,,11,3,7372,12738710,CDNS,CADENCE DESIGN SYSTEMS INC,,CDNS,541511,Q,A,R,9245,24495,3,7372,12738710,,,,,,,,,73.000,737.000,,,,,,,,,,,,,,,17.630,17.820,17.790,2030781.000,0.002254,17.750,17.770,277443.000,1.000,1.000,17.670,8065.000,0.002254,0.000,0.000,0.001,0.001,0.000
11403,2006/10/31,,11,3,7372,12738710,CDNS,CADENCE DESIGN SYSTEMS INC,,CDNS,541511,Q,A,R,9245,24495,3,7372,12738710,,,,,,,,0.000,73.000,737.000,,,,,,,,,,,1.000,6.000,55.000,12.000,17.610,17.970,17.860,2136069.000,0.003935,17.820,17.830,277443.000,1.000,1.000,17.690,7552.000,0.003935,0.000,0.000,0.001,0.001,0.000
11403,2006/11/01,,11,3,7372,12738710,CDNS,CADENCE DESIGN SYSTEMS INC,,CDNS,541511,Q,A,R,9245,24495,3,7372,12738710,,,,,,,,,73.000,737.000,,,,,,,,,,,,,,,17.800,18.050,17.840,2270034.000,-0.001120,17.820,17.830,277443.000,1.000,1.000,17.970,9866.000,-0.001120,-0.009,-0.009,-0.010,-0.010,-0.007
11403,2006/11/02,,11,3,7372,12738710,CDNS,CADENCE DESIGN SYSTEMS INC,,CDNS,541511,Q,A,R,9245,24495,3,7372,12738710,,,,,,,,0.000,73.000,737.000,,,,,,,,,,,1.000,6.000,54.000,12.000,17.790,18.220,18.150,2465257.000,0.017377,18.110,18.130,277443.000,1.000,1.000,17.800,9474.000,0.017377,-0.000,-0.000,-0.003,-0.003,-0.000
11403,2006/11/03,,11,3,7372,12738710,CDNS,CADENCE DESIGN SYSTEMS INC,,CDNS,541511,Q,A,R,9245,24495,3,7372,12738710,,,,,,,,0.000,73.000,737.000,,,,,,,,,,,1.000,6.000,55.000,12.000,17.940,18.200,17.950,3794786.000,-0.011019,17.940,17.950,277443.000,1.000,1.000,18.080,12946.000,-0.011019,-0.000,-0.000,0.003,0.003,-0.002
11403,2006/11/06,,11,3,7372,12738710,CDNS,CADENCE DESIGN SYSTEMS INC,,CDNS,541511,Q,A,R,9245,24495,3,7372,12738710,,,,,,,,,73.000,737.000,,,,,,,,,,,,,,,18.010,18.420,18.380,2048745.000,0.023955,18.360,18.380,277443.000,1.000,1.000,18.010,7363.000,0.023955,0.012,0.011,0.009,0.009,0.011
11403,2006/11/07,,11,3,7372,12738710,CDNS,CADENCE DESIGN SYSTEMS INC,,CDNS,541511,Q,A,R,9245,24495,3,7372,12738710,,,,,,,,,73.000,737.000,,,,,,,,,,,,,,,18.330,18.500,18.430,2687211.000,0.002720,18.410,18.420,277443.000,1.000,1.000,18.390,8564.000,0.002720,0.002,0.002,0.001,0.001,0.002
11403,2006/11/08,,11,3,7372,12738710,CDNS,CADENCE DESIGN SYSTEMS INC,,CDNS,541511,Q,A,R,9245,24495,3,7372,12738710,,,,,,,,,73.000,737.000,,,,,,,,,,,,,,,18.290,18.630,18.620,2105521.000,0.010309,18.610,18.620,277443.000,1.000,1.000,18.300,7217.000,0.010309,0.003,0.003,0.004,0.004,0.002
11403,2006/11/09,,11,3,7372,12738710,CDNS,CADENCE DESIGN SYSTEMS INC,,CDNS,541511,Q,A,R,9245,24495,3,7372,12738710,,,,,,,,,73.000,737.000,,,,,,,,,,,,,,,18.290,18.650,18.370,3414582.000,-0.013426,18.350,18.370,277443.000,1.000,1.000,18.620,8450.000,-0.013426,-0.005,-0.005,-0.004,-0.004,-0.005
11403,2006/11/10,,11,3,7372,12738710,CDNS,CADENCE DESIGN SYSTEMS INC,,CDNS,541511,Q,A,R,9245,24495,3,7372,12738710,,,,,,,,,73.000,737.000,,,,,,,,,,,,,,,18.470,18.870,18.810,3333725.000,0.023952,18.810,18.830,277443.000,1.000,1.000,18.470,8058.000,0.023952,0.002,0.002,0.004,0.004,0.002
11403,2006/11/13,,11,3,7372,12738710,CDNS,CADENCE DESIGN SYSTEMS INC,,CDNS,541511,Q,A,R,9245,24495,3,7372,12738710,,,,,,,,,73.000,737.000,,,,,,,,,,,,,,,18.250,18.850,18.680,2400419.000,-0.006911,18.670,18.680,277443.000,1.000,1.000,18.270,7675.000,-0.006911,0.002,0.002,0.003,0.003,0.003
11403,2006/11/14,,11,3,7372,12738710,CDNS,CADENCE DESIGN SYSTEMS INC,,CDNS,541511,Q,A,R,9245,24495,3,7372,12738710,,,,,,,,,73.000,737.000,,,,,,,,,,,,,,,18.610,18.780,18.760,2641504.000,0.004283,18.750,18.760,277443.000,1.000,1.000,18.630,8866.000,0.004283,0.007,0.007,0.008,0.008,0.006
11403,2006/11/15,,11,3,7372,12738710,CDNS,CADENCE DESIGN SYSTEMS INC,,CDNS,541511,Q,A,R,9245,24495,3,7372,12738710,,,,,,,,,73.000,737.000,,,,,,,,,,,,,,,18.740,18.950,18.850,2264585.000,0.004797,18.850,18.850,277443.000,1.000,1.000,18.800,8935.000,0.004797,0.004,0.004,0.006,0.005,0.002
11403,2006/11/16,,11,3,7372,12738710,CDNS,CADENCE DESIGN SYSTEMS INC,,CDNS,541511,Q,A,R,9245,24495,3,7372,12738710,,,,,,,,,73.000,737.000,,,,,,,,,,,,,,,18.710,18.990,18.830,2248593.000,-0.001061,18.800,18.810,277443.000,1.000,1.000,18.980,8791.000,-0.001061,0.001,0.001,0.000,0.000,0.002
11403,2006/11/17,,11,3,7372,12738710,CDNS,CADENCE DESIGN SYSTEMS INC,,CDNS,541511,Q,A,R,9245,24495,3,7372,12738710,,,,,,,,,73.000,737.000,,,,,,,,,,,,,,,18.620,18.850,18.700,2256249.000,-0.006904,18.660,18.670,277443.000,1.000,1.000,18.800,6889.000,-0.006904,0.000,0.000,-0.001,-0.001,0.001
11403,2006/11/20,,11,3,7372,12738710,CDNS,CADENCE DESIGN SYSTEMS INC,,CDNS,541511,Q,A,R,9245,24495,3,7372,12738710,,,,,,,,0.000,73.000,737.000,,,,,,,,,,,1.000,6.000,54.000,12.000,18.580,18.780,18.740,1681204.000,0.002139,18.720,18.740,277443.000,1.000,1.000,18.600,6707.000,0.002139,0.000,0.000,0.001,0.001,-0.001
11403,2006/11/21,,11,3,7372,12738710,CDNS,CADENCE DESIGN SYSTEMS INC,,CDNS,541511,Q,A,R,9245,24495,3,7372,12738710,,,,,,,,,73.000,737.000,,,,,,,,,,,,,,,18.550,18.800,18.640,1997409.000,-0.005336,18.610,18.640,277443.000,1.000,1.000,18.670,7262.000,-0.005336,0.003,0.003,0.003,0.003,0.002
11403,2006/11/22,,11,3,7372,12738710,CDNS,CADENCE DESIGN SYSTEMS INC,,CDNS,541511,Q,A,R,9245,24495,3,7372,12738710,,,,,,,,,73.000,737.000,,,,,,,,,,,,,,,18.340,18.700,18.690,1672677.000,0.002682,18.670,18.690,277443.000,1.000,1.000,18.570,6489.000,0.002682,0.003,0.003,0.003,0.003,0.002
11403,2006/11/24,,11,3,7372,12738710,CDNS,CADENCE DESIGN SYSTEMS INC,,CDNS,541511,Q,A,R,9245,24495,3,7372,12738710,,,,,,,,,73.000,737.000,,,,,,,,,,,,,,,18.440,18.630,18.600,1046882.000,-0.004815,18.580,18.600,277443.000,1.000,1.000,18.630,3660.000,-0.004815,-0.002,-0.002,0.002,0.002,-0.004
11403,2006/11/27,,11,3,7372,12738710,CDNS,CADENCE DESIGN SYSTEMS INC,,CDNS,541511,Q,A,R,9245,24495,3,7372,12738710,,,,,,,,,73.000,737.000,,,,,,,,,,,,,,,18.020,18.585,18.080,2460855.000,-0.027957,18.090,18.100,277443.000,1.000,1.000,18.585,9818.000,-0.027957,-0.015,-0.015,-0.014,-0.014,-0.014
11403,2006/11/28,,11,3,7372,12738710,CDNS,CADENCE DESIGN SYSTEMS INC,,CDNS,541511,Q,A,R,9245,24495,3,7372,12738710,,,,,,,,,73.000,737.000,,,,,,,,,,,,,,,17.900,18.440,18.390,2606277.000,0.017146,18.360,18.380,277443.000,1.000,1.000,18.100,8931.000,0.017146,0.003,0.003,0.003,0.003,0.003
11403,2006/11/29,,11,3,7372,12738710,CDNS,CADENCE DESIGN SYSTEMS INC,,CDNS,541511,Q,A,R,9245,24495,3,7372,12738710,,,,,,,,,73.000,737.000,,,,,,,,,,,,,,,18.170,18.550,18.400,1272372.000,0.000544,18.380,18.400,277443.000,1.000,1.000,18.450,5788.000,0.000544,0.010,0.009,0.010,0.010,0.009
11403,2006/11/30,,11,3,7372,12738710,CDNS,CADENCE DESIGN SYSTEMS INC,,CDNS,541511,Q,A,R,9245,24495,3,7372,12738710,,,,,,,,,73.000,737.000,,,,,,,,,,,,,,,18.290,18.690,18.380,2100070.000,-0.001087,18.380,18.400,277443.000,1.000,1.000,18.480,7886.000,-0.001087,0.002,0.002,0.004,0.004,0.001
11403,2006/12/01,,11,3,7372,12738710,CDNS,CADENCE DESIGN SYSTEMS INC,,CDNS,541511,Q,A,R,9245,24495,3,7372,12738710,,,,,,,,,73.000,737.000,,,,,,,,,,,,,,,17.940,18.410,18.160,2527095.000,-0.011969,18.140,18.150,277443.000,1.000,1.000,18.380,8723.000,-0.011969,-0.003,-0.003,-0.003,-0.003,-0.003
11403,2006/12/04,,11,3,7372,12738710,CDNS,CADENCE DESIGN SYSTEMS INC,,CDNS,541511,Q,A,R,9245,24495,3,7372,12738710,,,,,,,,,73.000,737.000,,,,,,,,,,,,,,,17.920,18.540,18.480,2173377.000,0.017621,18.480,18.490,277443.000,1.000,1.000,18.140,10438.000,0.017621,0.010,0.010,0.009,0.009,0.009
11403,2006/12/05,,11,3,7372,12738710,CDNS,CADENCE DESIGN SYSTEMS INC,,CDNS,541511,Q,A,R,9245,24495,3,7372,12738710,,,,,,,,,73.000,737.000,,,,,,,,,,,,,,,18.040,18.500,18.110,2359980.000,-0.020022,18.100,18.110,277443.000,1.000,1.000,18.500,11141.000,-0.020022,0.004,0.004,0.004,0.004,0.004
11403,2006/12/06,,11,3,7372,12738710,CDNS,CADENCE DESIGN SYSTEMS INC,,CDNS,541511,Q,A,R,9245,24495,3,7372,12738710,,,,,,,,,73.000,737.000,,,,,,,,,,,,,,,17.880,18.200,18.000,2001104.000,-0.006074,17.990,18.000,277443.000,1.000,1.000,18.040,7836.000,-0.006074,-0.001,-0.001,0.000,0.000,-0.001
11403,2006/12/07,,11,3,7372,12738710,CDNS,CADENCE DESIGN SYSTEMS INC,,CDNS,541511,Q,A,R,9245,24495,3,7372,12738710,,,,,,,,,73.000,737.000,,,,,,,,,,,,,,,17.550,18.140,17.670,2754243.000,-0.018333,17.660,17.670,277443.000,1.000,1.000,18.040,9785.000,-0.018333,-0.003,-0.003,-0.001,-0.001,-0.004
11403,2006/12/08,,11,3,7372,12738710,CDNS,CADENCE DESIGN SYSTEMS INC,,CDNS,541511,Q,A,R,9245,24495,3,7372,12738710,,,,,,,,,73.000,737.000,,,,,,,,,,,,,,,17.450,17.960,17.690,2827358.000,0.001132,17.690,17.700,277443.000,1.000,1.000,17.600,10920.000,0.001132,0.001,0.001,0.000,0.000,0.002
11403,2006/12/11,,11,3,7372,12738710,CDNS,CADENCE DESIGN SYSTEMS INC,,CDNS,541511,Q,A,R,9245,24495,3,7372,12738710,,,,,,,,,73.000,737.000,,,,,,,,,,,,,,,17.630,17.990,17.860,2323015.000,0.009610,17.860,17.880,277443.000,1.000,1.000,17.650,8016.000,0.009610,0.002,0.002,0.001,0.001,0.002
11403,2006/12/12,,11,3,7372,12738710,CDNS,CADENCE DESIGN SYSTEMS INC,,CDNS,541511,Q,A,R,9245,24495,3,7372,12738710,,,,,,,,,73.000,737.000,,,,,,,,,,,,,,,17.420,17.890,17.590,2791621.000,-0.015118,17.570,17.580,277443.000,1.000,1.000,17.780,11127.000,-0.015118,-0.002,-0.002,-0.004,-0.004,-0.001
11403,2006/12/13,,11,3,7372,12738710,CDNS,CADENCE DESIGN SYSTEMS INC,,CDNS,541511,Q,A,R,9245,24495,3,7372,12738710,,,,,,,,,73.000,737.000,,,,,,,,,,,,,,,17.760,18.000,18.000,6586328.000,0.023309,17.990,18.000,277443.000,1.000,1.000,17.979,16580.000,0.023309,0.001,0.001,0.000,-0.000,0.001
11403,2006/12/14,,11,3,7372,12738710,CDNS,CADENCE DESIGN SYSTEMS INC,,CDNS,541511,Q,A,R,9245,24495,3,7372,12738710,,,,,,,,,73.000,737.000,,,,,,,,,,,,,,,17.940,18.750,18.410,42792688.000,0.022778,18.410,18.420,277443.000,1.000,1.000,17.940,18971.000,0.022778,0.008,0.008,0.004,0.004,0.009
11403,2006/12/15,,11,3,7372,12738710,CDNS,CADENCE DESIGN SYSTEMS INC,,CDNS,541511,Q,A,R,9245,24495,3,7372,12738710,,,,,,,,0.000,73.000,737.000,,,,,,,,,,,1.000,6.000,53.000,12.000,18.530,18.750,18.660,7823627.000,0.013580,18.670,18.680,277443.000,1.000,1.000,18.560,14243.000,0.013580,0.000,-0.000,-0.001,-0.001,0.001
11403,2006/12/18,,11,3,7372,12738710,CDNS,CADENCE DESIGN SYSTEMS INC,,CDNS,541511,Q,A,R,9245,24495,3,7372,12738710,,,,,,,,,73.000,737.000,,,,,,,,,,,,,,,18.090,18.740,18.290,3913565.000,-0.019828,18.260,18.270,277443.000,1.000,1.000,18.670,15075.000,-0.019828,-0.005,-0.005,-0.007,-0.007,-0.003
11403,2006/12/19,,11,3,7372,12738710,CDNS,CADENCE DESIGN SYSTEMS INC,,CDNS,541511,Q,A,R,9245,24495,3,7372,12738710,,,,,,,,0.000,73.000,737.000,,,,,,,,,,,1.000,6.000,52.000,12.000,17.830,18.450,18.250,6188790.000,-0.002187,18.260,18.260,277443.000,1.000,1.000,18.130,19625.000,-0.002187,0.002,0.002,-0.000,-0.000,0.002
11403,2006/12/20,,11,3,7372,12738710,CDNS,CADENCE DESIGN SYSTEMS INC,,CDNS,541511,Q,A,R,9245,24495,3,7372,12738710,,,,,,,,,73.000,737.000,,,,,,,,,,,,,,,18.120,18.617,18.140,3499083.000,-0.006027,18.140,18.140,277443.000,1.000,1.000,18.460,13980.000,-0.006027,-0.001,-0.001,0.002,0.002,-0.001
11403,2006/12/21,,11,3,7372,12738710,CDNS,CADENCE DESIGN SYSTEMS INC,,CDNS,541511,Q,A,R,9245,24495,3,7372,12738710,,,,,,,,,73.000,737.000,,,,,,,,,,,,,,,18.060,18.380,18.150,1720726.000,0.000551,18.150,18.160,277443.000,1.000,1.000,18.150,8902.000,0.000551,-0.004,-0.004,-0.001,-0.001,-0.004
11403,2006/12/22,,11,3,7372,12738710,CDNS,CADENCE DESIGN SYSTEMS INC,,CDNS,541511,Q,A,R,9245,24495,3,7372,12738710,,,,,,,,,73.000,737.000,,,,,,,,,,,,,,,17.900,18.250,17.930,1470941.000,-0.012121,17.920,17.930,277443.000,1.000,1.000,18.200,6272.000,-0.012121,-0.005,-0.005,-0.001,-0.001,-0.005
11403,2006/12/26,,11,3,7372,12738710,CDNS,CADENCE DESIGN SYSTEMS INC,,CDNS,541511,Q,A,R,9245,24495,3,7372,12738710,,,,,,,,0.000,73.000,737.000,,,,,,,,,,,1.000,6.000,51.000,12.000,17.830,18.000,17.950,964087.000,0.001115,17.950,17.960,277443.000,1.000,1.000,17.930,4012.000,0.001115,0.004,0.004,0.004,0.004,0.004
11403,2006/12/27,,11,3,7372,12738710,CDNS,CADENCE DESIGN SYSTEMS INC,,CDNS,541511,Q,A,R,9245,24495,3,7372,12738710,,,,,,,,0.000,73.000,737.000,,,,,,,,,,,1.000,6.000,52.000,12.000,17.820,18.210,18.190,2825846.000,0.013370,18.160,18.180,277443.000,1.000,1.000,17.950,10037.000,0.013370,0.008,0.007,0.009,0.008,0.007
11403,2006/12/28,,11,3,7372,12738710,CDNS,CADENCE DESIGN SYSTEMS INC,,CDNS,541511,Q,A,R,9245,24495,3,7372,12738710,,,,,,,,,73.000,737.000,,,,,,,,,,,,,,,17.790,18.110,17.830,2139733.000,-0.019791,17.830,17.840,277443.000,1.000,1.000,18.100,8372.000,-0.019791,-0.001,-0.001,-0.000,-0.001,-0.001
11403,2006/12/29,,11,3,7372,12738710,CDNS,CADENCE DESIGN SYSTEMS INC,,CDNS,541511,Q,A,R,9245,24495,3,7372,12738710,,,,,,,,0.000,73.000,737.000,,,,,,,,,,,1.000,6.000,51.000,12.000,17.730,18.120,17.910,2554372.000,0.004487,17.890,17.900,274912.000,1.000,1.000,17.780,7851.000,0.004487,-0.005,-0.005,-0.001,-0.001,-0.005
11403,2007/01/03,,11,3,7372,12738710,CDNS,CADENCE DESIGN SYSTEMS INC,,CDNS,541511,Q,A,R,9245,24495,3,7372,12738710,,,,,,,,0.000,73.000,737.000,,,,,,,,,,,1.000,6.000,52.000,12.000,17.650,18.410,18.150,5255167.000,0.013400,18.140,18.150,274912.000,1.000,1.000,17.990,17320.000,0.013400,-0.001,-0.002,-0.000,-0.000,-0.001
11403,2007/01/04,,11,3,7372,12738710,CDNS,CADENCE DESIGN SYSTEMS INC,,CDNS,541511,Q,A,R,9245,24495,3,7372,12738710,,,,,,,,,73.000,737.000,,,,,,,,,,,,,,,17.730,18.170,18.020,4787252.000,-0.007162,18.010,18.030,274912.000,1.000,1.000,18.170,12974.000,-0.007162,0.001,0.001,0.001,0.001,0.001
11403,2007/01/05,,11,3,7372,12738710,CDNS,CADENCE DESIGN SYSTEMS INC,,CDNS,541511,Q,A,R,9245,24495,3,7372,12738710,,,,,,,,,73.000,737.000,,,,,,,,,,,,,,,17.890,18.190,18.060,2890028.000,0.002220,18.080,18.080,274912.000,1.000,1.000,18.050,8860.000,0.002220,-0.007,-0.007,-0.010,-0.010,-0.006
11403,2007/01/08,,11,3,7372,12738710,CDNS,CADENCE DESIGN SYSTEMS INC,,CDNS,541511,Q,A,R,9245,24495,3,7372,12738710,,,,,,,,,73.000,737.000,,,,,,,,,,,,,,,17.800,18.140,18.030,3536183.000,-0.001661,18.020,18.030,274912.000,1.000,1.000,18.030,12765.000,-0.001661,0.003,0.002,0.002,0.002,0.002
11403,2007/01/09,,11,3,7372,12738710,CDNS,CADENCE DESIGN SYSTEMS INC,,CDNS,541511,Q,A,R,9245,24495,3,7372,12738710,,,,,,,,,73.000,737.000,,,,,,,,,,,,,,,17.900,18.180,18.130,4027561.000,0.005546,18.120,18.130,274912.000,1.000,1.000,18.040,10978.000,0.005546,-0.000,-0.000,0.000,0.000,-0.001
11403,2007/01/10,,11,3,7372,12738710,CDNS,CADENCE DESIGN SYSTEMS INC,,CDNS,541511,Q,A,R,9245,24495,3,7372,12738710,,,,,,,,,73.000,737.000,,,,,,,,,,,,,,,17.880,18.130,18.040,2553041.000,-0.004964,18.040,18.060,274912.000,1.000,1.000,17.930,8511.000,-0.004964,0.002,0.002,0.001,0.001,0.002
11403,2007/01/11,,11,3,7372,12738710,CDNS,CADENCE DESIGN SYSTEMS INC,,CDNS,541511,Q,A,R,9245,24495,3,7372,12738710,,,,,,,,,73.000,737.000,,,,,,,,,,,,,,,18.040,18.390,18.230,3233360.000,0.010532,18.230,18.230,274912.000,1.000,1.000,18.040,11381.000,0.010532,0.007,0.007,0.008,0.008,0.006
11403,2007/01/12,,11,3,7372,12738710,CDNS,CADENCE DESIGN SYSTEMS INC,,CDNS,541511,Q,A,R,9245,24495,3,7372,12738710,,,,,,,,,73.000,737.000,,,,,,,,,,,,,,,18.140,18.410,18.140,2221665.000,-0.004937,18.140,18.150,274912.000,1.000,1.000,18.272,6491.000,-0.004937,0.006,0.006,0.007,0.007,0.005
11403,2007/01/16,,11,3,7372,12738710,CDNS,CADENCE DESIGN SYSTEMS INC,,CDNS,541511,Q,A,R,9245,24495,3,7372,12738710,,,,,,,,,73.000,737.000,,,,,,,,,,,,,,,18.070,18.250,18.100,2986862.000,-0.002205,18.080,18.100,274912.000,1.000,1.000,18.130,10229.000,-0.002205,0.000,0.000,0.001,0.001,0.001
11403,2007/01/17,,11,3,7372,12738710,CDNS,CADENCE DESIGN SYSTEMS INC,,CDNS,541511,Q,A,R,9245,24495,3,7372,12738710,,,,,,,,,73.000,737.000,,,,,,,,,,,,,,,17.920,18.230,18.170,4792465.000,0.003867,18.170,18.180,274912.000,1.000,1.000,18.100,12101.000,0.003867,-0.001,-0.001,-0.000,-0.000,-0.001
11403,2007/01/18,,11,3,7372,12738710,CDNS,CADENCE DESIGN SYSTEMS INC,,CDNS,541511,Q,A,R,9245,24495,3,7372,12738710,,,,,,,,,73.000,737.000,,,,,,,,,,,,,,,17.960,18.390,18.070,3208716.000,-0.005504,18.050,18.070,274912.000,1.000,1.000,18.200,14158.000,-0.005504,-0.005,-0.005,-0.007,-0.007,-0.003
11403,2007/01/19,,11,3,7372,12738710,CDNS,CADENCE DESIGN SYSTEMS INC,,CDNS,541511,Q,A,R,9245,24495,3,7372,12738710,,,,,,,,0.000,73.000,737.000,,,,,,,,,,,1.000,6.000,53.000,12.000,17.870,18.270,18.230,4687580.000,0.008854,18.230,18.250,274912.000,1.000,1.000,17.910,12967.000,0.008854,0.004,0.004,0.005,0.005,0.003
11403,2007/01/22,,11,3,7372,12738710,CDNS,CADENCE DESIGN SYSTEMS INC,,CDNS,541511,Q,A,R,9245,24495,3,7372,12738710,,,,,,,,,73.000,737.000,,,,,,,,,,,,,,,17.860,18.320,18.050,3226574.000,-0.009874,18.040,18.050,274912.000,1.000,1.000,18.320,10622.000,-0.009874,-0.005,-0.005,-0.004,-0.004,-0.005
11403,2007/01/23,,11,3,7372,12738710,CDNS,CADENCE DESIGN SYSTEMS INC,,CDNS,541511,Q,A,R,9245,24495,3,7372,12738710,,,,,,,,,73.000,737.000,,,,,,,,,,,,,,,18.010,18.380,18.200,3127585.000,0.008310,18.200,18.220,274912.000,1.000,1.000,18.010,10393.000,0.008310,0.005,0.005,0.006,0.006,0.004
11403,2007/01/24,,11,3,7372,12738710,CDNS,CADENCE DESIGN SYSTEMS INC,,CDNS,541511,Q,A,R,9245,24495,3,7372,12738710,,,,,,,,,73.000,737.000,,,,,,,,,,,,,,,18.150,18.500,18.460,3287245.000,0.014286,18.460,18.470,274912.000,1.000,1.000,18.150,9382.000,0.014286,0.009,0.009,0.007,0.007,0.009
11403,2007/01/25,,11,3,7372,12738710,CDNS,CADENCE DESIGN SYSTEMS INC,,CDNS,541511,Q,A,R,9245,24495,3,7372,12738710,,,,,,,,0.000,73.000,737.000,,,,,,,,,,,1.000,6.000,52.000,12.000,17.970,18.370,17.970,3720775.000,-0.026544,17.970,18.000,274912.000,1.000,1.000,18.360,9730.000,-0.026544,-0.011,-0.011,-0.008,-0.008,-0.011
11403,2007/01/26,,11,3,7372,12738710,CDNS,CADENCE DESIGN SYSTEMS INC,,CDNS,541511,Q,A,R,9245,24495,3,7372,12738710,,,,,,,,,73.000,737.000,,,,,,,,,,,,,,,17.920,18.100,17.970,3348615.000,0.000000,17.970,18.010,274912.000,1.000,1.000,18.040,11639.000,0.000000,0.000,0.000,0.003,0.003,-0.001
11403,2007/01/29,,11,3,7372,12738710,CDNS,CADENCE DESIGN SYSTEMS INC,,CDNS,541511,Q,A,R,9245,24495,3,7372,12738710,,,,,,,,,73.000,737.000,,,,,,,,,,,,,,,17.920,18.300,18.250,2704432.000,0.015582,18.250,18.270,274912.000,1.000,1.000,17.920,10553.000,0.015582,0.000,0.000,0.003,0.003,-0.001
11403,2007/01/30,,11,3,7372,12738710,CDNS,CADENCE DESIGN SYSTEMS INC,,CDNS,541511,Q,A,R,9245,24495,3,7372,12738710,,,,,,,,,73.000,737.000,,,,,,,,,,,,,,,18.090,18.760,18.700,5538610.000,0.024658,18.680,18.710,274912.000,1.000,1.000,18.250,16593.000,0.024658,0.006,0.006,0.005,0.005,0.006
11403,2007/01/31,,11,3,7372,12738710,CDNS,CADENCE DESIGN SYSTEMS INC,,CDNS,541511,Q,A,R,9245,24495,3,7372,12738710,,,,,,,,,73.000,737.000,,,,,,,,,,,,,,,18.520,19.030,18.920,5383613.000,0.011765,18.920,18.920,274912.000,1.000,1.000,18.770,18520.000,0.011765,0.006,0.006,0.004,0.003,0.007
11403,2007/02/01,,11,3,7372,12738710,CDNS,CADENCE DESIGN SYSTEMS INC,,CDNS,541511,Q,A,R,9245,24495,3,7372,12738710,,,,,,,,,73.000,737.000,,,,,,,,,,,,,,,19.450,20.100,20.060,12755299.000,0.060254,20.060,20.060,274912.000,1.000,1.000,19.470,36575.000,0.060254,0.006,0.006,0.006,0.006,0.005
11403,2007/02/02,,11,3,7372,12738710,CDNS,CADENCE DESIGN SYSTEMS INC,,CDNS,541511,Q,A,R,9245,24495,3,7372,12738710,,,,,,,,0.000,73.000,737.000,,,,,,,,,,,1.000,6.000,52.000,12.000,19.420,20.310,20.060,6690593.000,0.000000,20.070,20.090,279824.000,1.000,1.000,19.600,22309.000,0.000000,0.001,0.001,0.002,0.002,0.002
11403,2007/02/05,,11,3,7372,12738710,CDNS,CADENCE DESIGN SYSTEMS INC,,CDNS,541511,Q,A,R,9245,24495,3,7372,12738710,,,,,,,,,73.000,737.000,,,,,,,,,,,,,,,19.650,20.180,20.060,5122767.000,0.000000,20.050,20.060,279824.000,1.000,1.000,19.650,16387.000,0.000000,-0.001,-0.001,-0.001,-0.001,-0.001
11403,2007/02/06,,11,3,7372,12738710,CDNS,CADENCE DESIGN SYSTEMS INC,,CDNS,541511,Q,A,R,9245,24495,3,7372,12738710,,,,,,,,,73.000,737.000,,,,,,,,,,,,,,,19.920,20.310,20.270,4506604.000,0.010469,20.270,20.280,279824.000,1.000,1.000,20.000,15221.000,0.010469,0.002,0.002,0.003,0.003,0.001
11403,2007/02/07,,11,3,7372,12738710,CDNS,CADENCE DESIGN SYSTEMS INC,,CDNS,541511,Q,A,R,9245,24495,3,7372,12738710,,,,,,,,,73.000,737.000,,,,,,,,,,,,,,,20.220,20.590,20.540,4430294.000,0.013320,20.530,20.540,279824.000,1.000,1.000,20.220,12497.000,0.013320,0.002,0.002,0.004,0.004,0.001
11403,2007/02/08,,11,3,7372,12738710,CDNS,CADENCE DESIGN SYSTEMS INC,,CDNS,541511,Q,A,R,9245,24495,3,7372,12738710,,,,,,,,,73.000,737.000,,,,,,,,,,,,,,,20.180,20.600,20.240,4492162.000,-0.014606,20.240,20.250,279824.000,1.000,1.000,20.520,14404.000,-0.014606,-0.000,-0.000,0.001,0.001,-0.001
11403,2007/02/09,,11,3,7372,12738710,CDNS,CADENCE DESIGN SYSTEMS INC,,CDNS,541511,Q,A,R,9245,24495,3,7372,12738710,,,,,,,,0.000,73.000,737.000,,,,,,,,,,,1.000,6.000,53.000,12.000,20.180,20.560,20.340,3679411.000,0.004941,20.340,20.350,279824.000,1.000,1.000,20.350,15105.000,0.004941,-0.007,-0.007,-0.005,-0.005,-0.007
11403,2007/02/12,,11,3,7372,12738710,CDNS,CADENCE DESIGN SYSTEMS INC,,CDNS,541511,Q,A,R,9245,24495,3,7372,12738710,,,,,,,,,73.000,737.000,,,,,,,,,,,,,,,20.090,20.310,20.270,2165583.000,-0.003441,20.270,20.280,279824.000,1.000,1.000,20.300,11247.000,-0.003441,-0.004,-0.004,-0.003,-0.003,-0.003
11403,2007/02/13,,11,3,7372,12738710,CDNS,CADENCE DESIGN SYSTEMS INC,,CDNS,541511,Q,A,R,9245,24495,3,7372,12738710,,,,,,,,,73.000,737.000,,,,,,,,,,,,,,,20.220,20.500,20.380,3168841.000,0.005427,20.380,20.400,279824.000,1.000,1.000,20.260,10941.000,0.005427,0.008,0.008,0.005,0.005,0.008
11403,2007/02/14,,11,3,7372,12738710,CDNS,CADENCE DESIGN SYSTEMS INC,,CDNS,541511,Q,A,R,9245,24495,3,7372,12738710,,,,,,,,,73.000,737.000,,,,,,,,,,,,,,,20.390,20.650,20.580,3951229.000,0.009814,20.570,20.570,279824.000,1.000,1.000,20.400,10877.000,0.009814,0.007,0.007,0.005,0.005,0.008
11403,2007/02/15,,11,3,7372,12738710,CDNS,CADENCE DESIGN SYSTEMS INC,,CDNS,541511,Q,A,R,9245,24495,3,7372,12738710,,,,,,,,,73.000,737.000,,,,,,,,,,,,,,,20.410,20.750,20.720,2986157.000,0.006803,20.720,20.740,279824.000,1.000,1.000,20.550,13938.000,0.006803,0.002,0.002,0.001,0.001,0.001
11403,2007/02/16,,11,3,7372,12738710,CDNS,CADENCE DESIGN SYSTEMS INC,,CDNS,541511,Q,A,R,9245,24495,3,7372,12738710,,,,,,,,,73.000,737.000,,,,,,,,,,,,,,,20.590,20.740,20.620,2764521.000,-0.004826,20.620,20.630,279824.000,1.000,1.000,20.620,9751.000,-0.004826,0.001,0.000,0.003,0.003,-0.001
11403,2007/02/20,,11,3,7372,12738710,CDNS,CADENCE DESIGN SYSTEMS INC,,CDNS,541511,Q,A,R,9245,24495,3,7372,12738710,,,,,,,,,73.000,737.000,,,,,,,,,,,,,,,20.340,21.000,20.940,4145855.000,0.015519,20.940,20.950,279824.000,1.000,1.000,20.410,14372.000,0.015519,0.004,0.004,0.006,0.006,0.003
11403,2007/02/21,,11,3,7372,12738710,CDNS,CADENCE DESIGN SYSTEMS INC,,CDNS,541511,Q,A,R,9245,24495,3,7372,12738710,,,,,,,,,73.000,737.000,,,,,,,,,,,,,,,20.880,21.230,21.160,3922914.000,0.010506,21.160,21.170,279824.000,1.000,1.000,20.880,13135.000,0.010506,-0.000,-0.000,0.002,0.002,-0.001
11403,2007/02/22,,11,3,7372,12738710,CDNS,CADENCE DESIGN SYSTEMS INC,,CDNS,541511,Q,A,R,9245,24495,3,7372,12738710,,,,,,,,,73.000,737.000,,,,,,,,,,,,,,,21.040,21.200,21.070,4893677.000,-0.004253,21.080,21.090,279824.000,1.000,1.000,21.110,17886.000,-0.004253,-0.000,-0.001,0.002,0.002,-0.001
11403,2007/02/23,,11,3,7372,12738710,CDNS,CADENCE DESIGN SYSTEMS INC,,CDNS,541511,Q,A,R,9245,24495,3,7372,12738710,,,,,,,,,73.000,737.000,,,,,,,,,,,,,,,20.920,21.110,20.970,2722625.000,-0.004746,20.970,21.000,279824.000,1.000,1.000,21.060,10912.000,-0.004746,-0.003,-0.003,0.000,0.000,-0.004
11403,2007/02/26,,11,3,7372,12738710,CDNS,CADENCE DESIGN SYSTEMS INC,,CDNS,541511,Q,A,R,9245,24495,3,7372,12738710,,,,,,,,0.000,73.000,737.000,,,,,,,,,,,1.000,6.000,54.000,12.000,20.610,21.000,20.710,7301027.000,-0.012399,20.690,20.710,279824.000,1.000,1.000,20.900,14452.000,-0.012399,-0.001,-0.001,-0.001,-0.001,-0.001
11403,2007/02/27,,11,3,7372,12738710,CDNS,CADENCE DESIGN SYSTEMS INC,,CDNS,541511,Q,A,R,9245,24495,3,7372,12738710,,,,,,,,,73.000,737.000,,,,,,,,,,,,,,,20.000,20.530,20.000,6629689.000,-0.034283,20.160,20.100,279824.000,1.000,1.000,20.430,21491.000,-0.034283,-0.034,-0.034,-0.031,-0.031,-0.035
11403,2007/02/28,,11,3,7372,12738710,CDNS,CADENCE DESIGN SYSTEMS INC,,CDNS,541511,Q,A,R,9245,24495,3,7372,12738710,,,,,,,,,73.000,737.000,,,,,,,,,,,,,,,19.710,20.250,19.940,2811377.000,-0.003000,19.930,19.950,279824.000,1.000,1.000,19.840,12807.000,-0.003000,0.005,0.005,0.004,0.004,0.006
