PERMNO,date,NAMEENDT,SHRCD,EXCHCD,SICCD,NCUSIP,TICKER,COMNAM,SHRCLS,TSYMBOL,NAICS,PRIMEXCH,TRDSTAT,SECSTAT,PERMCO,ISSUNO,HEXCD,HSICCD,CUSIP,DCLRDT,DLAMT,DLPDT,DLSTCD,NEXTDT,PAYDT,RCRDDT,SHRFLG,HSICMG,HSICIG,DISTCD,DIVAMT,FACPR,FACSHR,ACPERM,ACCOMP,NWPERM,DLRETX,DLPRC,DLRET,TRTSCD,NMSIND,MMCNT,NSDINX,BIDLO,ASKHI,PRC,VOL,RET,BID,ASK,SHROUT,CFACPR,CFACSHR,OPENPRC,NUMTRD,RETX,vwretd,vwretx,ewretd,ewretx,sprtrn
11552,2001/01/02,,11,3,2890,15102010,CELG,CELGENE CORP,,CELG,,Q,A,R,9374,12464,3,2890,15102010,,,,,,,,0.000,,,,,,,,,,,,,1.000,2.000,43.000,10.000,30.625,33.500,32.375,2259295.000,-0.003846,32.250,32.375,74000.000,8.000,8.000,33.188,2410.000,-0.003846,-0.034,-0.034,-0.001,-0.001,-0.028
11552,2001/01/03,,11,3,2890,15102010,CELG,CELGENE CORP,,CELG,,Q,A,R,9374,12464,3,2890,15102010,,,,,,,,0.000,,,,,,,,,,,,,1.000,2.000,42.000,10.000,27.938,31.750,30.000,5603857.000,-0.073359,30.062,30.062,74000.000,8.000,8.000,31.000,4622.000,-0.073359,0.053,0.053,0.046,0.046,0.050
11552,2001/01/04,,11,3,2890,15102010,CELG,CELGENE CORP,,CELG,,Q,A,R,9374,12464,3,2890,15102010,,,,,,,,0.000,,,,,,,,,,,,,1.000,2.000,44.000,10.000,24.500,30.625,25.312,3453104.000,-0.156250,25.250,25.312,74000.000,8.000,8.000,30.500,3657.000,-0.156250,-0.012,-0.012,0.011,0.011,-0.011
11552,2001/01/05,,11,3,2890,15102010,CELG,CELGENE CORP,,CELG,,Q,A,R,9374,12464,3,2890,15102010,,,,,,,,,,,,,,,,,,,,,,,,,23.625,26.500,24.688,3967270.000,-0.024691,24.688,24.750,74000.000,8.000,8.000,26.125,3735.000,-0.024691,-0.029,-0.029,-0.009,-0.009,-0.026
11552,2001/01/08,,11,3,2890,15102010,CELG,CELGENE CORP,,CELG,,Q,A,R,9374,12464,3,2890,15102010,,,,,,,,0.000,,,,,,,,,,,,,1.000,2.000,43.000,10.000,21.500,24.500,23.812,2159423.000,-0.035443,23.812,23.875,74000.000,8.000,8.000,23.938,2808.000,-0.035443,-0.003,-0.004,-0.005,-0.005,-0.002
11552,2001/01/09,,11,3,2890,15102010,CELG,CELGENE CORP,,CELG,,Q,A,R,9374,12464,3,2890,15102010,,,,,,,,0.000,,,,,,,,,,,,,1.000,2.000,44.000,10.000,18.750,23.812,20.625,9626435.000,-0.133858,20.500,20.562,74000.000,8.000,8.000,23.422,8459.000,-0.133858,0.005,0.005,0.012,0.012,0.004
11552,2001/01/10,,11,3,2890,15102010,CELG,CELGENE CORP,,CELG,,Q,A,R,9374,12464,3,2890,15102010,,,,,,,,0.000,,,,,,,,,,,,,1.000,2.000,46.000,10.000,20.500,25.188,24.938,12493986.000,0.209091,24.938,25.000,74000.000,8.000,8.000,21.875,8865.000,0.209091,0.014,0.014,0.021,0.020,0.010
11552,2001/01/11,,11,3,2890,15102010,CELG,CELGENE CORP,,CELG,,Q,A,R,9374,12464,3,2890,15102010,,,,,,,,0.000,,,,,,,,,,,,,1.000,2.000,45.000,10.000,23.250,27.000,25.312,5591926.000,0.015038,25.312,25.375,74000.000,8.000,8.000,25.562,6371.000,0.015038,0.015,0.015,0.027,0.027,0.010
11552,2001/01/12,,11,3,2890,15102010,CELG,CELGENE CORP,,CELG,,Q,A,R,9374,12464,3,2890,15102010,,,,,,,,,,,,,,,,,,,,,,,,,25.000,29.000,26.938,3399961.000,0.064198,26.812,26.938,74000.000,8.000,8.000,25.875,3854.000,0.064198,-0.004,-0.004,0.019,0.019,-0.006
11552,2001/01/16,,11,3,2890,15102010,CELG,CELGENE CORP,,CELG,,Q,A,R,9374,12464,3,2890,15102010,,,,,,,,0.000,,,,,,,,,,,,,1.000,2.000,42.000,10.000,25.875,28.062,26.375,1140914.000,-0.020882,26.500,26.625,74000.000,8.000,8.000,27.625,2022.000,-0.020882,0.006,0.006,0.019,0.019,0.006
11552,2001/01/17,,11,3,2890,15102010,CELG,CELGENE CORP,,CELG,,Q,A,R,9374,12464,3,2890,15102010,,,,,,,,,,,,,,,,,,,,,,,,,24.875,27.750,24.875,2780850.000,-0.056872,24.875,25.000,74000.000,8.000,8.000,27.375,3036.000,-0.056872,0.004,0.004,0.013,0.013,0.002
11552,2001/01/18,,11,3,2890,15102010,CELG,CELGENE CORP,,CELG,,Q,A,R,9374,12464,3,2890,15102010,,,,,,,,,,,,,,,,,,,,,,,,,24.250,27.000,26.812,2856287.000,0.077889,26.812,26.875,74000.000,8.000,8.000,25.812,3102.000,0.077889,0.012,0.012,0.009,0.008,0.014
11552,2001/01/19,,11,3,2890,15102010,CELG,CELGENE CORP,,CELG,,Q,A,R,9374,12464,3,2890,15102010,,,,,,,,0.000,,,,,,,,,,,,,1.000,2.000,43.000,10.000,25.938,27.750,26.250,1624872.000,-0.020979,26.188,26.250,74000.000,8.000,8.000,27.375,1975.000,-0.020979,-0.004,-0.004,0.004,0.004,-0.004
11552,2001/01/22,,11,3,2890,15102010,CELG,CELGENE CORP,,CELG,,Q,A,R,9374,12464,3,2890,15102010,,,,,,,,,,,,,,,,,,,,,,,,,26.000,27.875,27.312,1250264.000,0.040476,27.312,27.438,74000.000,8.000,8.000,26.188,1680.000,0.040476,0.000,0.000,0.005,0.005,0.000
11552,2001/01/23,,11,3,2890,15102010,CELG,CELGENE CORP,,CELG,,Q,A,R,9374,12464,3,2890,15102010,,,,,,,,0.000,,,,,,,,,,,,,1.000,2.000,44.000,10.000,26.625,31.750,31.500,2667601.000,0.153318,31.500,31.750,74000.000,8.000,8.000,27.594,4238.000,0.153318,0.016,0.016,0.015,0.015,0.013
11552,2001/01/24,,11,3,2890,15102010,CELG,CELGENE CORP,,CELG,,Q,A,R,9374,12464,3,2890,15102010,,,,,,,,0.000,,,,,,,,,,,,,1.000,2.000,43.000,10.000,30.875,33.250,32.312,2108193.000,0.025794,32.250,32.375,74000.000,8.000,8.000,31.500,3329.000,0.025794,0.003,0.003,0.007,0.007,0.003
11552,2001/01/25,,11,3,2890,15102010,CELG,CELGENE CORP,,CELG,,Q,A,R,9374,12464,3,2890,15102010,,,,,,,,0.000,,,,,,,,,,,,,1.000,2.000,44.000,10.000,27.750,32.938,28.000,2187054.000,-0.133462,27.812,28.000,74000.000,8.000,8.000,32.938,3030.000,-0.133462,-0.008,-0.008,-0.003,-0.003,-0.005
11552,2001/01/26,,11,3,2890,15102010,CELG,CELGENE CORP,,CELG,,Q,A,R,9374,12464,3,2890,15102010,,,,,,,,,,,,,,,,,,,,,,,,,26.312,29.875,28.938,1736297.000,0.033482,28.938,29.000,74000.000,8.000,8.000,27.312,3522.000,0.033482,-0.001,-0.001,0.002,0.002,-0.002
11552,2001/01/29,,11,3,2890,15102010,CELG,CELGENE CORP,,CELG,,Q,A,R,9374,12464,3,2890,15102010,,,,,,,,0.000,,,,,,,,,,,,,1.000,2.000,43.000,10.000,27.750,30.250,29.625,772105.000,0.023758,29.625,29.750,74000.000,8.000,8.000,29.656,1823.000,0.023758,0.009,0.009,0.010,0.010,0.007
11552,2001/01/30,,11,3,2890,15102010,CELG,CELGENE CORP,,CELG,,Q,A,R,9374,12464,3,2890,15102010,,,,,,,,,,,,,,,,,,,,,,,,,29.562,31.188,30.062,997086.000,0.014768,30.000,30.188,74000.000,8.000,8.000,30.438,1744.000,0.014768,0.007,0.007,0.010,0.009,0.007
11552,2001/01/31,,11,3,2890,15102010,CELG,CELGENE CORP,,CELG,,Q,A,R,9374,12464,3,2890,15102010,,,,,,,,0.000,,,,,,,,,,,,,1.000,2.000,42.000,10.000,26.812,29.750,27.750,1785428.000,-0.076923,27.750,27.812,74000.000,8.000,8.000,29.531,2189.000,-0.076923,-0.007,-0.007,-0.000,-0.000,-0.006
11552,2001/02/01,,11,3,2890,15102010,CELG,CELGENE CORP,,CELG,,Q,A,R,9374,12464,3,2890,15102010,,,,,,,,,,,,,,,,,,,,,,,,,27.500,29.375,27.750,1828737.000,0.000000,27.750,27.875,74000.000,8.000,8.000,28.594,2243.000,0.000000,0.004,0.004,0.002,0.002,0.005
11552,2001/02/02,,11,3,2890,15102010,CELG,CELGENE CORP,,CELG,,Q,A,R,9374,12464,3,2890,15102010,,,,,,,,0.000,,,,,,,,,,,,,1.000,2.000,41.000,10.000,25.688,28.750,26.750,1620152.000,-0.036036,26.625,26.750,74000.000,8.000,8.000,28.062,2087.000,-0.036036,-0.019,-0.019,-0.009,-0.009,-0.017
11552,2001/02/05,,11,3,2890,15102010,CELG,CELGENE CORP,,CELG,,Q,A,R,9374,12464,3,2890,15102010,,,,,,,,,,,,,,,,,,,,,,,,,25.500,27.250,25.938,902934.000,-0.030374,25.938,26.000,74000.000,8.000,8.000,27.000,1233.000,-0.030374,0.002,0.002,-0.004,-0.004,0.004
11552,2001/02/06,,11,3,2890,15102010,CELG,CELGENE CORP,,CELG,,Q,A,R,9374,12464,3,2890,15102010,,,,,,,,,,,,,,,,,,,,,,,,,24.938,28.000,27.625,881293.000,0.065060,27.562,27.625,74000.000,8.000,8.000,25.000,1580.000,0.065060,0.000,0.000,0.002,0.002,-0.002
11552,2001/02/07,,11,3,2890,15102010,CELG,CELGENE CORP,,CELG,,Q,A,R,9374,12464,3,2890,15102010,,,,,,,,,,,,,,,,,,,,,,,,,25.250,27.625,26.812,841299.000,-0.029412,26.875,27.000,74000.000,8.000,8.000,27.188,1540.000,-0.029412,-0.009,-0.009,-0.004,-0.004,-0.008
11552,2001/02/08,,11,3,2890,15102010,CELG,CELGENE CORP,,CELG,,Q,A,R,9374,12464,3,2890,15102010,,,,,,,,,,,,,,,,,,,,,,,,,25.750,27.000,26.562,637116.000,-0.009324,26.500,26.562,74000.000,8.000,8.000,27.000,999.000,-0.009324,-0.006,-0.007,-0.003,-0.003,-0.006
11552,2001/02/09,,11,3,2890,15102010,CELG,CELGENE CORP,,CELG,,Q,A,R,9374,12464,3,2890,15102010,,,,,,,,,,,,,,,,,,,,,,,,,25.688,26.688,26.438,641459.000,-0.004706,26.438,26.500,74000.000,8.000,8.000,26.500,1018.000,-0.004706,-0.014,-0.014,-0.009,-0.009,-0.013
11552,2001/02/12,,11,3,2890,15102010,CELG,CELGENE CORP,,CELG,,Q,A,R,9374,12464,3,2890,15102010,,,,,,,,0.000,,,,,,,,,,,,,1.000,2.000,42.000,10.000,26.500,28.500,27.438,1176134.000,0.037825,27.375,27.438,74000.000,8.000,8.000,26.688,1706.000,0.037825,0.010,0.010,0.005,0.005,0.012
11552,2001/02/13,,11,3,2890,15102010,CELG,CELGENE CORP,,CELG,,Q,A,R,9374,12464,3,2890,15102010,,,,,,,,0.000,,,,,,,,,,,,,1.000,2.000,41.000,10.000,26.625,28.625,26.750,1050252.000,-0.025057,26.688,26.750,74000.000,8.000,8.000,28.250,1424.000,-0.025057,-0.009,-0.009,-0.003,-0.004,-0.009
11552,2001/02/14,,11,3,2890,15102010,CELG,CELGENE CORP,,CELG,,Q,A,R,9374,12464,3,2890,15102010,,,,,,,,0.000,,,,,,,,,,,,,1.000,2.000,43.000,10.000,26.500,28.625,27.625,1013273.000,0.032710,27.625,27.688,74000.000,8.000,8.000,26.625,1441.000,0.032710,-0.000,-0.000,-0.000,-0.001,-0.002
11552,2001/02/15,,11,3,2890,15102010,CELG,CELGENE CORP,,CELG,,Q,A,R,9374,12464,3,2890,15102010,,,,,,,,0.000,,,,,,,,,,,,,1.000,2.000,41.000,10.000,27.000,28.688,27.062,987702.000,-0.020362,27.062,27.125,74000.000,8.000,8.000,28.188,1393.000,-0.020362,0.009,0.009,0.009,0.009,0.008
11552,2001/02/16,,11,3,2890,15102010,CELG,CELGENE CORP,,CELG,,Q,A,R,9374,12464,3,2890,15102010,,,,,,,,,,,,,,,,,,,,,,,,,26.000,27.625,26.438,480553.000,-0.023095,26.375,26.500,74000.000,8.000,8.000,26.375,1071.000,-0.023095,-0.021,-0.021,-0.014,-0.014,-0.019
11552,2001/02/20,,11,3,2890,15102010,CELG,CELGENE CORP,,CELG,,Q,A,R,9374,12464,3,2890,15102010,,,,,,,,,,,,,,,,,,,,,,,,,26.125,27.188,26.875,628770.000,0.016548,26.875,27.125,74000.000,8.000,8.000,26.500,1100.000,0.016548,-0.019,-0.019,-0.012,-0.012,-0.017
11552,2001/02/21,,11,3,2890,15102010,CELG,CELGENE CORP,,CELG,,Q,A,R,9374,12464,3,2890,15102010,,,,,,,,,,,,,,,,,,,,,,,,,26.125,27.375,26.125,495247.000,-0.027907,26.125,26.188,74000.000,8.000,8.000,26.250,817.000,-0.027907,-0.018,-0.018,-0.016,-0.016,-0.019
11552,2001/02/22,,11,3,2890,15102010,CELG,CELGENE CORP,,CELG,,Q,A,R,9374,12464,3,2890,15102010,,,,,,,,0.000,,,,,,,,,,,,,1.000,2.000,42.000,10.000,23.500,26.250,24.000,2107015.000,-0.081340,23.938,24.000,74000.000,8.000,8.000,26.062,1775.000,-0.081340,-0.005,-0.005,-0.011,-0.011,-0.002
11552,2001/02/23,,11,3,2890,15102010,CELG,CELGENE CORP,,CELG,,Q,A,R,9374,12464,3,2890,15102010,,,,,,,,0.000,,,,,,,,,,,,,1.000,2.000,41.000,10.000,21.938,25.750,25.000,1090226.000,0.041667,25.000,25.062,74000.000,8.000,8.000,22.438,1625.000,0.041667,-0.004,-0.004,-0.003,-0.003,-0.006
11552,2001/02/26,,11,3,2890,15102010,CELG,CELGENE CORP,,CELG,,Q,A,R,9374,12464,3,2890,15102010,,,,,,,,0.000,,,,,,,,,,,,,1.000,2.000,42.000,10.000,25.688,27.250,26.688,807946.000,0.067500,26.438,26.688,74000.000,8.000,8.000,25.812,1420.000,0.067500,0.019,0.019,0.016,0.016,0.017
11552,2001/02/27,,11,3,2890,15102010,CELG,CELGENE CORP,,CELG,,Q,A,R,9374,12464,3,2890,15102010,,,,,,,,0.000,,,,,,,,,,,,,1.000,2.000,41.000,10.000,24.062,26.875,25.812,750558.000,-0.032787,25.812,25.875,74000.000,8.000,8.000,26.688,1122.000,-0.032787,-0.012,-0.012,-0.012,-0.012,-0.008
11552,2001/02/28,,11,3,2890,15102010,CELG,CELGENE CORP,,CELG,,Q,A,R,9374,12464,3,2890,15102010,,,,,,,,,,,,,,,,,,,,,,,,,25.000,27.250,26.125,432650.000,0.012107,26.000,26.188,74000.000,8.000,8.000,25.875,960.000,0.012107,-0.014,-0.014,-0.008,-0.008,-0.014
11552,2001/03/01,,11,3,2890,15102010,CELG,CELGENE CORP,,CELG,,Q,A,R,9374,12464,3,2890,15102010,,,,,,,,0.000,,,,,,,,,,,,,1.000,2.000,41.000,10.000,24.250,25.812,25.250,601623.000,-0.033493,25.250,25.312,74507.000,8.000,8.000,25.750,1117.000,-0.033493,0.000,0.000,-0.006,-0.006,0.001
11552,2001/03/02,,11,3,2890,15102010,CELG,CELGENE CORP,,CELG,,Q,A,R,9374,12464,3,2890,15102010,,,,,,,,0.000,,,,,,,,,,,,,1.000,2.000,42.000,10.000,25.375,27.188,26.562,561355.000,0.051980,26.562,26.625,74507.000,8.000,8.000,25.875,1098.000,0.051980,-0.005,-0.005,0.005,0.005,-0.006
11552,2001/03/05,,11,3,2890,15102010,CELG,CELGENE CORP,,CELG,,Q,A,R,9374,12464,3,2890,15102010,,,,,,,,0.000,,,,,,,,,,,,,1.000,2.000,41.000,10.000,25.078,27.062,25.438,585541.000,-0.042353,25.438,25.500,74507.000,8.000,8.000,27.000,1097.000,-0.042353,0.005,0.005,0.002,0.002,0.006
11552,2001/03/06,,11,3,2890,15102010,CELG,CELGENE CORP,,CELG,,Q,A,R,9374,12464,3,2890,15102010,,,,,,,,,,,,,,,,,,,,,,,,,25.688,27.500,26.125,524124.000,0.027027,26.125,26.188,74507.000,8.000,8.000,25.688,1028.000,0.027027,0.011,0.011,0.010,0.010,0.010
11552,2001/03/07,,11,3,2890,15102010,CELG,CELGENE CORP,,CELG,,Q,A,R,9374,12464,3,2890,15102010,,,,,,,,,,,,,,,,,,,,,,,,,26.312,27.000,26.750,530941.000,0.023923,26.750,26.812,74507.000,8.000,8.000,26.875,779.000,0.023923,0.006,0.006,0.006,0.005,0.006
11552,2001/03/08,,11,3,2890,15102010,CELG,CELGENE CORP,,CELG,,Q,A,R,9374,12464,3,2890,15102010,,,,,,,,,,,,,,,,,,,,,,,,,24.688,28.000,24.750,1062527.000,-0.074766,24.750,24.812,74507.000,8.000,8.000,26.688,1521.000,-0.074766,-0.001,-0.001,-0.004,-0.004,0.002
11552,2001/03/09,,11,3,2890,15102010,CELG,CELGENE CORP,,CELG,,Q,A,R,9374,12464,3,2890,15102010,,,,,,,,0.000,,,,,,,,,,,,,1.000,2.000,42.000,10.000,23.625,25.500,24.438,864014.000,-0.012626,24.438,24.500,74507.000,8.000,8.000,24.562,1196.000,-0.012626,-0.024,-0.024,-0.015,-0.015,-0.025
11552,2001/03/12,,11,3,2890,15102010,CELG,CELGENE CORP,,CELG,,Q,A,R,9374,12464,3,2890,15102010,,,,,,,,0.000,,,,,,,,,,,,,1.000,2.000,41.000,10.000,20.875,23.750,21.625,1029996.000,-0.115090,21.500,21.625,74507.000,8.000,8.000,23.500,1789.000,-0.115090,-0.042,-0.042,-0.031,-0.031,-0.043
11552,2001/03/13,,11,3,2890,15102010,CELG,CELGENE CORP,,CELG,,Q,A,R,9374,12464,3,2890,15102010,,,,,,,,,,,,,,,,,,,,,,,,,20.938,22.625,21.875,1480225.000,0.011561,21.875,21.938,74507.000,8.000,8.000,22.000,1617.000,0.011561,0.015,0.015,0.005,0.005,0.015
11552,2001/03/14,,11,3,2890,15102010,CELG,CELGENE CORP,,CELG,,Q,A,R,9374,12464,3,2890,15102010,,,,,,,,0.000,,,,,,,,,,,,,1.000,2.000,42.000,10.000,20.375,22.375,21.812,1236061.000,-0.002857,21.812,21.875,74507.000,8.000,8.000,20.625,1537.000,-0.002857,-0.025,-0.025,-0.018,-0.018,-0.026
11552,2001/03/15,,11,3,2890,15102010,CELG,CELGENE CORP,,CELG,,Q,A,R,9374,12464,3,2890,15102010,,,,,,,,0.000,,,,,,,,,,,,,1.000,2.000,41.000,10.000,21.562,22.375,21.562,1345195.000,-0.011461,21.562,21.625,74507.000,8.000,8.000,22.000,1047.000,-0.011461,0.003,0.003,-0.000,-0.000,0.006
11552,2001/03/16,,11,3,2890,15102010,CELG,CELGENE CORP,,CELG,,Q,A,R,9374,12464,3,2890,15102010,,,,,,,,,,,,,,,,,,,,,,,,,18.625,21.500,18.688,680645.000,-0.133333,18.625,18.625,74507.000,8.000,8.000,21.281,1226.000,-0.133333,-0.021,-0.021,-0.018,-0.018,-0.020
11552,2001/03/19,,11,3,2890,15102010,CELG,CELGENE CORP,,CELG,,Q,A,R,9374,12464,3,2890,15102010,,,,,,,,,,,,,,,,,,,,,,,,,18.500,21.438,20.562,676991.000,0.100334,20.562,20.625,74507.000,8.000,8.000,18.750,1469.000,0.100334,0.019,0.019,0.009,0.009,0.018
11552,2001/03/20,,11,3,2890,15102010,CELG,CELGENE CORP,,CELG,,Q,A,R,9374,12464,3,2890,15102010,,,,,,,,0.000,,,,,,,,,,,,,1.000,2.000,42.000,10.000,19.250,21.312,20.062,1221751.000,-0.024316,20.062,20.250,74507.000,8.000,8.000,20.875,1419.000,-0.024316,-0.023,-0.023,-0.008,-0.009,-0.024
11552,2001/03/21,,11,3,2890,15102010,CELG,CELGENE CORP,,CELG,,Q,A,R,9374,12464,3,2890,15102010,,,,,,,,0.000,,,,,,,,,,,,,1.000,2.000,43.000,10.000,19.375,21.500,19.500,2732044.000,-0.028037,19.500,19.625,74507.000,8.000,8.000,21.500,1754.000,-0.028037,-0.019,-0.019,-0.016,-0.016,-0.018
11552,2001/03/22,,11,3,2890,15102010,CELG,CELGENE CORP,,CELG,,Q,A,R,9374,12464,3,2890,15102010,,,,,,,,,,,,,,,,,,,,,,,,,16.938,19.750,18.938,2391218.000,-0.028846,18.938,19.000,74507.000,8.000,8.000,19.312,1958.000,-0.028846,-0.004,-0.005,-0.011,-0.011,-0.004
11552,2001/03/23,,11,3,2890,15102010,CELG,CELGENE CORP,,CELG,,Q,A,R,9374,12464,3,2890,15102010,,,,,,,,,,,,,,,,,,,,,,,,,18.375,21.500,20.812,2097247.000,0.099010,20.812,21.000,74507.000,8.000,8.000,18.500,2164.000,0.099010,0.020,0.020,0.021,0.021,0.020
11552,2001/03/26,,11,3,2890,15102010,CELG,CELGENE CORP,,CELG,,Q,A,R,9374,12464,3,2890,15102010,,,,,,,,,,,,,,,,,,,,,,,,,21.375,24.750,24.750,2180667.000,0.189189,24.750,24.438,74507.000,8.000,8.000,21.469,2097.000,0.189189,0.011,0.011,0.007,0.007,0.011
11552,2001/03/27,,11,3,2890,15102010,CELG,CELGENE CORP,,CELG,,Q,A,R,9374,12464,3,2890,15102010,,,,,,,,,,,,,,,,,,,,,,,,,23.000,24.500,23.812,908156.000,-0.037879,23.750,23.812,74507.000,8.000,8.000,24.438,1269.000,-0.037879,0.023,0.023,0.009,0.009,0.026
11552,2001/03/28,,11,3,2890,15102010,CELG,CELGENE CORP,,CELG,,Q,A,R,9374,12464,3,2890,15102010,,,,,,,,,,,,,,,,,,,,,,,,,23.375,25.125,25.000,1607140.000,0.049869,24.938,25.000,74507.000,8.000,8.000,23.812,2041.000,0.049869,-0.026,-0.026,-0.018,-0.018,-0.024
11552,2001/03/29,,11,3,2890,15102010,CELG,CELGENE CORP,,CELG,,Q,A,R,9374,12464,3,2890,15102010,,,,,,,,,,,,,,,,,,,,,,,,,23.938,26.875,25.438,1852859.000,0.017500,25.438,25.500,74507.000,8.000,8.000,24.938,2787.000,0.017500,-0.005,-0.005,-0.007,-0.007,-0.005
11552,2001/03/30,,11,3,2890,15102010,CELG,CELGENE CORP,,CELG,,Q,A,R,9374,12464,3,2890,15102010,,,,,,,,0.000,,,,,,,,,,,,,1.000,2.000,43.000,10.000,24.000,26.500,25.000,1497091.000,-0.017199,25.000,25.062,74844.000,8.000,8.000,26.000,2108.000,-0.017199,0.012,0.012,0.016,0.016,0.011
11552,2001/04/02,,11,3,2890,15102010,CELG,CELGENE CORP,,CELG,,Q,A,R,9374,12464,3,2890,15102010,,,,,,,,,,,,,,,,,,,,,,,,,21.000,24.859,22.250,1681960.000,-0.110000,22.188,22.250,74844.000,8.000,8.000,24.750,2371.000,-0.110000,-0.016,-0.016,-0.021,-0.021,-0.012
11552,2001/04/03,,11,3,2890,15102010,CELG,CELGENE CORP,,CELG,,Q,A,R,9374,12464,3,2890,15102010,,,,,,,,,,,,,,,,,,,,,,,,,17.750,21.562,18.812,5180025.000,-0.154494,18.750,18.812,74844.000,8.000,8.000,20.750,4371.000,-0.154494,-0.036,-0.036,-0.034,-0.034,-0.034
11552,2001/04/04,,11,3,2890,15102010,CELG,CELGENE CORP,,CELG,,Q,A,R,9374,12464,3,2890,15102010,,,,,,,,,,,,,,,,,,,,,,,,,16.875,18.125,17.375,4577397.000,-0.076412,17.375,17.438,74844.000,8.000,8.000,17.312,3812.000,-0.076412,-0.003,-0.003,-0.008,-0.008,-0.003
11552,2001/04/05,,11,3,2890,15102010,CELG,CELGENE CORP,,CELG,,Q,A,R,9374,12464,3,2890,15102010,,,,,,,,,,,,,,,,,,,,,,,,,17.812,18.875,18.250,2156515.000,0.050360,18.188,18.250,74844.000,8.000,8.000,18.188,2457.000,0.050360,0.046,0.046,0.039,0.039,0.044
11552,2001/04/06,,11,3,2890,15102010,CELG,CELGENE CORP,,CELG,,Q,A,R,9374,12464,3,2890,15102010,,,,,,,,,,,,,,,,,,,,,,,,,17.250,19.188,18.625,1580187.000,0.020548,18.625,18.688,74844.000,8.000,8.000,18.000,2027.000,0.020548,-0.020,-0.020,-0.013,-0.013,-0.020
11552,2001/04/09,,11,3,2890,15102010,CELG,CELGENE CORP,,CELG,,Q,A,R,9374,12464,3,2890,15102010,,,,,,,,,,,,,,,,,,,,,,,,,18.440,19.440,19.060,1500943.000,0.023356,19.050,19.060,74844.000,8.000,8.000,18.650,1342.000,0.023356,0.009,0.009,0.006,0.006,0.008
11552,2001/04/10,,11,3,2890,15102010,CELG,CELGENE CORP,,CELG,,Q,A,R,9374,12464,3,2890,15102010,,,,,,,,0.000,,,,,,,,,,,,,1.000,2.000,44.000,10.000,18.750,19.820,19.100,1664035.000,0.002099,19.100,19.140,74844.000,8.000,8.000,19.400,1650.000,0.002099,0.029,0.029,0.023,0.023,0.027
11552,2001/04/11,,11,3,2890,15102010,CELG,CELGENE CORP,,CELG,,Q,A,R,9374,12464,3,2890,15102010,,,,,,,,,,,,,,,,,,,,,,,,,18.000,20.260,18.240,1231400.000,-0.045026,18.180,18.200,74844.000,8.000,8.000,19.960,1783.000,-0.045026,-0.001,-0.001,0.007,0.007,-0.002
11552,2001/04/12,,11,3,2890,15102010,CELG,CELGENE CORP,,CELG,,Q,A,R,9374,12464,3,2890,15102010,,,,,,,,,,,,,,,,,,,,,,,,,17.750,19.700,19.520,1071823.000,0.070175,19.510,19.520,74844.000,8.000,8.000,17.950,1420.000,0.070175,0.016,0.016,0.015,0.015,0.015
11552,2001/04/16,,11,3,2890,15102010,CELG,CELGENE CORP,,CELG,,Q,A,R,9374,12464,3,2890,15102010,,,,,,,,0.000,,,,,,,,,,,,,1.000,2.000,45.000,10.000,18.760,19.650,19.140,1165850.000,-0.019467,19.140,19.150,74844.000,8.000,8.000,19.580,1050.000,-0.019467,-0.005,-0.005,-0.004,-0.004,-0.003
11552,2001/04/17,,11,3,2890,15102010,CELG,CELGENE CORP,,CELG,,Q,A,R,9374,12464,3,2890,15102010,,,,,,,,,,,,,,,,,,,,,,,,,18.610,19.850,19.000,844054.000,-0.007314,19.000,19.010,74844.000,8.000,8.000,19.050,1123.000,-0.007314,0.010,0.010,0.005,0.005,0.010
11552,2001/04/18,,11,3,2890,15102010,CELG,CELGENE CORP,,CELG,,Q,A,R,9374,12464,3,2890,15102010,,,,,,,,0.000,,,,,,,,,,,,,1.000,2.000,43.000,10.000,19.380,22.000,19.700,1335250.000,0.036842,19.700,19.770,74844.000,8.000,8.000,20.000,1242.000,0.036842,0.040,0.040,0.029,0.029,0.039
11552,2001/04/19,,11,3,2890,15102010,CELG,CELGENE CORP,,CELG,,Q,A,R,9374,12464,3,2890,15102010,,,,,,,,,,,,,,,,,,,,,,,,,19.470,20.600,20.470,2434415.000,0.039086,20.470,20.500,74844.000,8.000,8.000,19.800,1338.000,0.039086,0.015,0.015,0.016,0.016,0.013
11552,2001/04/20,,11,3,2890,15102010,CELG,CELGENE CORP,,CELG,,Q,A,R,9374,12464,3,2890,15102010,,,,,,,,0.000,,,,,,,,,,,,,1.000,2.000,44.000,10.000,19.190,20.050,19.250,1272054.000,-0.059599,19.190,19.230,74844.000,8.000,8.000,19.850,1023.000,-0.059599,-0.008,-0.008,0.001,0.001,-0.009
11552,2001/04/23,,11,3,2890,15102010,CELG,CELGENE CORP,,CELG,,Q,A,R,9374,12464,3,2890,15102010,,,,,,,,,,,,,,,,,,,,,,,,,18.000,19.130,18.210,1117608.000,-0.054026,18.210,18.220,74844.000,8.000,8.000,19.080,1373.000,-0.054026,-0.017,-0.017,-0.008,-0.008,-0.015
11552,2001/04/24,,11,3,2890,15102010,CELG,CELGENE CORP,,CELG,,Q,A,R,9374,12464,3,2890,15102010,,,,,,,,0.000,,,,,,,,,,,,,1.000,2.000,45.000,10.000,15.120,18.440,16.020,4020110.000,-0.120264,16.020,16.040,74844.000,8.000,8.000,18.250,3704.000,-0.120264,-0.011,-0.011,0.002,0.002,-0.012
11552,2001/04/25,,11,3,2890,15102010,CELG,CELGENE CORP,,CELG,,Q,A,R,9374,12464,3,2890,15102010,,,,,,,,,,,,,,,,,,,,,,,,,15.380,17.300,16.910,4668544.000,0.055556,16.910,16.920,74844.000,8.000,8.000,15.990,3699.000,0.055556,0.016,0.016,0.012,0.011,0.016
11552,2001/04/26,,11,3,2890,15102010,CELG,CELGENE CORP,,CELG,,Q,A,R,9374,12464,3,2890,15102010,,,,,,,,0.000,,,,,,,,,,,,,1.000,2.000,46.000,10.000,14.400,18.820,15.210,12934094.000,-0.100532,15.210,15.220,74847.000,8.000,8.000,17.700,8884.000,-0.100532,0.005,0.005,0.008,0.007,0.005
11552,2001/04/27,,11,3,2890,15102010,CELG,CELGENE CORP,,CELG,,Q,A,R,9374,12464,3,2890,15102010,,,,,,,,,,,,,,,,,,,,,,,,,15.500,16.250,15.930,5307697.000,0.047337,15.930,15.940,74847.000,8.000,8.000,15.800,3310.000,0.047337,0.014,0.014,0.011,0.011,0.015
11552,2001/04/30,,11,3,2890,15102010,CELG,CELGENE CORP,,CELG,,Q,A,R,9374,12464,3,2890,15102010,,,,,,,,0.000,,,,,,,,,,,,,1.000,2.000,43.000,10.000,16.100,18.200,17.670,5051295.000,0.109228,17.640,17.680,75118.000,8.000,8.000,16.400,4072.000,0.109228,0.001,0.001,0.010,0.010,-0.003
11552,2001/05/01,,11,3,2890,15102010,CELG,CELGENE CORP,,CELG,,Q,A,R,9374,12464,3,2890,15102010,,,,,,,,0.000,,,,,,,,,,,,,1.000,2.000,44.000,10.000,16.900,17.800,17.150,2143132.000,-0.029428,17.110,17.150,75118.000,8.000,8.000,17.490,2578.000,-0.029428,0.013,0.013,0.010,0.010,0.014
11552,2001/05/02,,11,3,2890,15102010,CELG,CELGENE CORP,,CELG,,Q,A,R,9374,12464,3,2890,15102010,,,,,,,,0.000,,,,,,,,,,,,,1.000,2.000,43.000,10.000,16.080,17.680,16.690,2299058.000,-0.026822,16.690,16.700,75118.000,8.000,8.000,17.590,2540.000,-0.026822,0.003,0.003,0.012,0.012,0.001
11552,2001/05/03,,11,3,2890,15102010,CELG,CELGENE CORP,,CELG,,Q,A,R,9374,12464,3,2890,15102010,,,,,,,,,,,,,,,,,,,,,,,,,15.800,16.510,16.070,1643327.000,-0.037148,16.070,16.080,75118.000,8.000,8.000,16.500,1911.000,-0.037148,-0.015,-0.015,-0.005,-0.006,-0.015
11552,2001/05/04,,11,3,2890,15102010,CELG,CELGENE CORP,,CELG,,Q,A,R,9374,12464,3,2890,15102010,,,,,,,,0.000,,,,,,,,,,,,,1.000,2.000,42.000,10.000,15.380,16.950,16.770,1777891.000,0.043559,16.770,16.780,75118.000,8.000,8.000,15.675,2053.000,0.043559,0.014,0.014,0.011,0.011,0.014
11552,2001/05/07,,11,3,2890,15102010,CELG,CELGENE CORP,,CELG,,Q,A,R,9374,12464,3,2890,15102010,,,,,,,,0.000,,,,,,,,,,,,,1.000,2.000,44.000,10.000,17.270,18.750,18.400,4820889.000,0.097197,18.400,18.410,75118.000,8.000,8.000,17.340,3462.000,0.097197,-0.003,-0.003,0.001,0.001,-0.002
11552,2001/05/08,,11,3,2890,15102010,CELG,CELGENE CORP,,CELG,,Q,A,R,9374,12464,3,2890,15102010,,,,,,,,,,,,,,,,,,,,,,,,,18.760,20.400,19.740,4035129.000,0.072826,19.730,19.740,75118.000,8.000,8.000,19.410,4821.000,0.072826,-0.001,-0.001,0.005,0.005,-0.002
11552,2001/05/09,,11,3,2890,15102010,CELG,CELGENE CORP,,CELG,,Q,A,R,9374,12464,3,2890,15102010,,,,,,,,,,,,,,,,,,,,,,,,,19.290,20.500,20.000,2921516.000,0.013171,19.980,20.000,75118.000,8.000,8.000,20.190,3376.000,0.013171,-0.004,-0.004,0.001,0.001,-0.004
11552,2001/05/10,,11,3,2890,15102010,CELG,CELGENE CORP,,CELG,,Q,A,R,9374,12464,3,2890,15102010,,,,,,,,0.000,,,,,,,,,,,,,1.000,2.000,43.000,10.000,19.020,20.420,19.080,1564554.000,-0.046000,19.020,19.100,75118.000,8.000,8.000,20.290,2468.000,-0.046000,-0.000,-0.001,0.003,0.003,-0.000
11552,2001/05/11,,11,3,2890,15102010,CELG,CELGENE CORP,,CELG,,Q,A,R,9374,12464,3,2890,15102010,,,,,,,,0.000,,,,,,,,,,,,,1.000,2.000,44.000,10.000,18.650,20.080,19.300,963020.000,0.011530,19.220,19.380,75118.000,8.000,8.000,19.210,1781.000,0.011530,-0.008,-0.008,-0.002,-0.002,-0.008
11552,2001/05/14,,11,3,2890,15102010,CELG,CELGENE CORP,,CELG,,Q,A,R,9374,12464,3,2890,15102010,,,,,,,,0.000,,,,,,,,,,,,,1.000,2.000,43.000,10.000,17.800,19.100,18.600,1577210.000,-0.036269,18.600,18.650,75118.000,8.000,8.000,18.800,2247.000,-0.036269,0.001,0.001,-0.003,-0.003,0.003
11552,2001/05/15,,11,3,2890,15102010,CELG,CELGENE CORP,,CELG,,Q,A,R,9374,12464,3,2890,15102010,,,,,,,,0.000,,,,,,,,,,,,,1.000,2.000,42.000,10.000,18.400,19.210,18.660,1973593.000,0.003226,18.660,18.670,75118.000,8.000,8.000,18.985,1603.000,0.003226,0.001,0.001,0.004,0.004,0.000
11552,2001/05/16,,11,3,2890,15102010,CELG,CELGENE CORP,,CELG,,Q,A,R,9374,12464,3,2890,15102010,,,,,,,,,,,,,,,,,,,,,,,,,18.320,20.250,19.470,2988053.000,0.043408,19.470,19.480,75118.000,8.000,8.000,18.820,3384.000,0.043408,0.027,0.027,0.010,0.010,0.028
11552,2001/05/17,,11,3,2890,15102010,CELG,CELGENE CORP,,CELG,,Q,A,R,9374,12464,3,2890,15102010,,,,,,,,0.000,,,,,,,,,,,,,1.000,2.000,43.000,10.000,20.060,22.550,22.410,4508196.000,0.151002,22.410,22.480,75118.000,8.000,8.000,20.315,4325.000,0.151002,0.006,0.006,0.011,0.010,0.003
11552,2001/05/18,,11,3,2890,15102010,CELG,CELGENE CORP,,CELG,,Q,A,R,9374,12464,3,2890,15102010,,,,,,,,,,,,,,,,,,,,,,,,,21.890,23.170,22.990,2505888.000,0.025881,22.950,22.990,75118.000,8.000,8.000,21.930,2829.000,0.025881,0.003,0.003,0.005,0.005,0.003
11552,2001/05/21,,11,3,2890,15102010,CELG,CELGENE CORP,,CELG,,Q,A,R,9374,12464,3,2890,15102010,,,,,,,,,,,,,,,,,,,,,,,,,22.700,24.750,23.950,1814452.000,0.041757,23.890,23.950,75118.000,8.000,8.000,23.300,3015.000,0.041757,0.019,0.019,0.016,0.016,0.016
11552,2001/05/22,,11,3,2890,15102010,CELG,CELGENE CORP,,CELG,,Q,A,R,9374,12464,3,2890,15102010,,,,,,,,,,,,,,,,,,,,,,,,,23.510,25.050,24.710,2165961.000,0.031733,24.710,24.720,75118.000,8.000,8.000,25.040,2472.000,0.031733,-0.002,-0.002,0.007,0.007,-0.003
11552,2001/05/23,,11,3,2890,15102010,CELG,CELGENE CORP,,CELG,,Q,A,R,9374,12464,3,2890,15102010,,,,,,,,0.000,,,,,,,,,,,,,1.000,2.000,42.000,10.000,23.500,25.400,24.650,1835644.000,-0.002428,24.650,24.670,75118.000,8.000,8.000,25.050,2731.000,-0.002428,-0.017,-0.017,-0.007,-0.007,-0.016
11552,2001/05/24,,11,3,2890,15102010,CELG,CELGENE CORP,,CELG,,Q,A,R,9374,12464,3,2890,15102010,,,,,,,,,,,,,,,,,,,,,,,,,24.200,26.978,26.700,2096324.000,0.083164,26.700,26.710,75118.000,8.000,8.000,24.560,3325.000,0.083164,0.004,0.004,0.006,0.005,0.003
11552,2001/05/25,,11,3,2890,15102010,CELG,CELGENE CORP,,CELG,,Q,A,R,9374,12464,3,2890,15102010,,,,,,,,0.000,,,,,,,,,,,,,1.000,2.000,44.000,10.000,25.400,28.040,28.030,2353928.000,0.049813,28.030,28.040,75118.000,8.000,8.000,26.400,3339.000,0.049813,-0.010,-0.010,0.003,0.003,-0.012
11552,2001/05/29,,11,3,2890,15102010,CELG,CELGENE CORP,,CELG,,Q,A,R,9374,12464,3,2890,15102010,,,,,,,,0.000,,,,,,,,,,,,,1.000,2.000,42.000,10.000,27.430,30.470,29.150,3259221.000,0.039957,29.140,29.150,75118.000,8.000,8.000,28.150,5495.000,0.039957,-0.010,-0.010,-0.008,-0.008,-0.008
11552,2001/05/30,,11,3,2890,15102010,CELG,CELGENE CORP,,CELG,,Q,A,R,9374,12464,3,2890,15102010,,,,,,,,,,,,,,,,,,,,,,,,,27.500,29.070,28.050,2853079.000,-0.037736,28.050,28.110,75118.000,8.000,8.000,28.150,4333.000,-0.037736,-0.018,-0.018,-0.016,-0.016,-0.016
11552,2001/05/31,,11,3,2890,15102010,CELG,CELGENE CORP,,CELG,,Q,A,R,9374,12464,3,2890,15102010,,,,,,,,0.000,,,,,,,,,,,,,1.000,2.000,41.000,10.000,27.810,29.800,28.370,2281055.000,0.011408,28.360,28.370,75118.000,8.000,8.000,27.940,3062.000,0.011408,0.008,0.008,0.007,0.007,0.006
11552,2001/06/01,,11,3,2890,15102010,CELG,CELGENE CORP,,CELG,,Q,A,R,9374,12464,3,2890,15102010,,,,,,,,0.000,,,,,,,,,,,,,1.000,2.000,44.000,10.000,29.560,32.240,30.740,3146319.000,0.083539,30.710,30.750,75118.000,8.000,8.000,29.800,5779.000,0.083539,0.005,0.005,0.006,0.006,0.004
11552,2001/06/04,,11,3,2890,15102010,CELG,CELGENE CORP,,CELG,,Q,A,R,9374,12464,3,2890,15102010,,,,,,,,0.000,,,,,,,,,,,,,1.000,2.000,45.000,10.000,31.460,33.590,33.000,3563915.000,0.073520,33.000,33.010,75118.000,8.000,8.000,32.050,5705.000,0.073520,0.005,0.005,0.005,0.005,0.005
11552,2001/06/05,,11,3,2890,15102010,CELG,CELGENE CORP,,CELG,,Q,A,R,9374,12464,3,2890,15102010,,,,,,,,0.000,,,,,,,,,,,,,1.000,2.000,44.000,10.000,33.500,36.480,34.570,4979631.000,0.047576,34.560,34.570,75118.000,8.000,8.000,33.970,5769.000,0.047576,0.014,0.014,0.012,0.012,0.013
11552,2001/06/06,,11,3,2890,15102010,CELG,CELGENE CORP,,CELG,,Q,A,R,9374,12464,3,2890,15102010,,,,,,,,0.000,,,,,,,,,,,,,1.000,2.000,46.000,10.000,32.200,35.210,33.310,4782573.000,-0.036448,33.310,33.320,75118.000,8.000,8.000,35.050,6142.000,-0.036448,-0.009,-0.010,-0.003,-0.003,-0.011
11552,2001/06/07,,11,3,2890,15102010,CELG,CELGENE CORP,,CELG,,Q,A,R,9374,12464,3,2890,15102010,,,,,,,,,,,,,,,,,,,,,,,,,32.860,35.000,33.700,4372718.000,0.011708,33.700,33.710,75118.000,8.000,8.000,35.000,5447.000,0.011708,0.005,0.005,0.005,0.005,0.005
11552,2001/06/08,,11,3,2890,15102010,CELG,CELGENE CORP,,CELG,,Q,A,R,9374,12464,3,2890,15102010,,,,,,,,,,,,,,,,,,,,,,,,,31.030,34.180,32.850,2086378.000,-0.025223,32.890,32.900,75118.000,8.000,8.000,33.900,3616.000,-0.025223,-0.010,-0.010,-0.002,-0.002,-0.009
11552,2001/06/11,,11,3,2890,15102010,CELG,CELGENE CORP,,CELG,,Q,A,R,9374,12464,3,2890,15102010,,,,,,,,,,,,,,,,,,,,,,,,,30.300,32.850,31.740,1793680.000,-0.033790,31.740,31.750,75118.000,8.000,8.000,32.850,3188.000,-0.033790,-0.010,-0.010,-0.006,-0.006,-0.008
11552,2001/06/12,,11,3,2890,15102010,CELG,CELGENE CORP,,CELG,,Q,A,R,9374,12464,3,2890,15102010,,,,,,,,,,,,,,,,,,,,,,,,,29.450,32.270,31.940,3577296.000,0.006301,31.930,31.980,75118.000,8.000,8.000,30.390,4159.000,0.006301,0.000,0.000,-0.001,-0.001,0.001
11552,2001/06/13,,11,3,2890,15102010,CELG,CELGENE CORP,,CELG,,Q,A,R,9374,12464,3,2890,15102010,,,,,,,,0.000,,,,,,,,,,,,,1.000,2.000,45.000,10.000,31.500,33.700,31.630,1371992.000,-0.009706,31.630,31.640,75118.000,8.000,8.000,32.350,3036.000,-0.009706,-0.010,-0.010,-0.002,-0.003,-0.011
11552,2001/06/14,,11,3,2890,15102010,CELG,CELGENE CORP,,CELG,,Q,A,R,9374,12464,3,2890,15102010,,,,,,,,0.000,,,,,,,,,,,,,1.000,2.000,46.000,10.000,30.590,32.830,31.900,1798919.000,0.008536,31.900,32.000,75118.000,8.000,8.000,31.390,3225.000,0.008536,-0.019,-0.019,-0.015,-0.015,-0.018
11552,2001/06/15,,11,3,2890,15102010,CELG,CELGENE CORP,,CELG,,Q,A,R,9374,12464,3,2890,15102010,,,,,,,,0.000,,,,,,,,,,,,,1.000,2.000,45.000,10.000,28.620,31.250,30.900,1971562.000,-0.031348,30.950,30.960,75118.000,8.000,8.000,31.250,3803.000,-0.031348,-0.005,-0.005,-0.005,-0.005,-0.005
11552,2001/06/18,,11,3,2890,15102010,CELG,CELGENE CORP,,CELG,,Q,A,R,9374,12464,3,2890,15102010,,,,,,,,,,,,,,,,,,,,,,,,,29.850,31.870,31.090,1186037.000,0.006149,31.010,31.090,75118.000,8.000,8.000,30.695,2552.000,0.006149,-0.007,-0.007,-0.013,-0.013,-0.005
11552,2001/06/19,,11,3,2890,15102010,CELG,CELGENE CORP,,CELG,,Q,A,R,9374,12464,3,2890,15102010,,,,,,,,,,,,,,,,,,,,,,,,,30.700,32.480,30.810,1184496.000,-0.009006,30.810,30.890,75118.000,8.000,8.000,31.840,2396.000,-0.009006,0.002,0.002,-0.006,-0.006,0.003
11552,2001/06/20,,11,3,2890,15102010,CELG,CELGENE CORP,,CELG,,Q,A,R,9374,12464,3,2890,15102010,,,,,,,,,,,,,,,,,,,,,,,,,30.150,32.600,31.000,1769990.000,0.006167,31.020,31.030,75118.000,8.000,8.000,30.745,3191.000,0.006167,0.010,0.010,0.001,0.001,0.009
11552,2001/06/21,,11,3,2890,15102010,CELG,CELGENE CORP,,CELG,,Q,A,R,9374,12464,3,2890,15102010,,,,,,,,,,,,,,,,,,,,,,,,,26.300,30.000,27.200,9475421.000,-0.122581,27.190,27.200,75118.000,8.000,8.000,29.800,9445.000,-0.122581,0.010,0.010,0.004,0.004,0.011
11552,2001/06/22,,11,3,2890,15102010,CELG,CELGENE CORP,,CELG,,Q,A,R,9374,12464,3,2890,15102010,,,,,,,,0.000,,,,,,,,,,,,,1.000,2.000,46.000,10.000,26.700,29.470,26.870,2430850.000,-0.012132,26.870,26.880,75118.000,8.000,8.000,27.300,3474.000,-0.012132,-0.009,-0.009,-0.002,-0.003,-0.009
11552,2001/06/25,,11,3,2890,15102010,CELG,CELGENE CORP,,CELG,,Q,A,R,9374,12464,3,2890,15102010,,,,,,,,0.000,,,,,,,,,,,,,1.000,2.000,44.000,10.000,25.000,27.840,25.900,1976969.000,-0.036100,25.900,25.940,75118.000,8.000,8.000,27.510,2555.000,-0.036100,-0.005,-0.005,-0.000,-0.000,-0.006
11552,2001/06/26,,11,3,2890,15102010,CELG,CELGENE CORP,,CELG,,Q,A,R,9374,12464,3,2890,15102010,,,,,,,,0.000,,,,,,,,,,,,,1.000,2.000,45.000,10.000,25.550,27.300,27.110,1066596.000,0.046718,27.050,27.060,75118.000,8.000,8.000,25.690,2042.000,0.046718,-0.000,-0.000,0.005,0.005,-0.002
11552,2001/06/27,,11,3,2890,15102010,CELG,CELGENE CORP,,CELG,,Q,A,R,9374,12464,3,2890,15102010,,,,,,,,,,,,,,,,,,,,,,,,,25.200,27.450,26.740,1183252.000,-0.013648,26.730,26.740,75118.000,8.000,8.000,27.450,2267.000,-0.013648,-0.002,-0.002,0.004,0.004,-0.005
11552,2001/06/28,,11,3,2890,15102010,CELG,CELGENE CORP,,CELG,,Q,A,R,9374,12464,3,2890,15102010,,,,,,,,,,,,,,,,,,,,,,,,,27.250,28.850,28.140,1647602.000,0.052356,28.090,28.140,75118.000,8.000,8.000,27.310,2123.000,0.052356,0.013,0.013,0.008,0.008,0.012
11552,2001/06/29,,11,3,2890,15102010,CELG,CELGENE CORP,,CELG,,Q,A,R,9374,12464,3,2890,15102010,,,,,,,,0.000,,,,,,,,,,,,,1.000,2.000,45.000,10.000,27.600,29.250,28.850,952644.000,0.025231,28.850,28.950,75316.000,8.000,8.000,28.800,1179.000,0.025231,0.004,0.004,0.019,0.019,-0.001
11552,2001/07/02,,11,3,2890,15102010,CELG,CELGENE CORP,,CELG,,Q,A,R,9374,12464,3,2890,15102010,,,,,,,,,,,,,,,,,,,,,,,,,27.880,29.160,28.340,643834.000,-0.017678,28.330,28.340,75316.000,8.000,8.000,29.000,1116.000,-0.017678,0.005,0.005,-0.006,-0.006,0.010
11552,2001/07/03,,11,3,2890,15102010,CELG,CELGENE CORP,,CELG,,Q,A,R,9374,12464,3,2890,15102010,,,,,,,,0.000,,,,,,,,,,,,,1.000,2.000,46.000,10.000,27.970,28.700,28.580,323593.000,0.008469,28.470,28.580,75316.000,8.000,8.000,28.540,576.000,0.008469,-0.002,-0.002,-0.000,-0.000,-0.002
11552,2001/07/05,,11,3,2890,15102010,CELG,CELGENE CORP,,CELG,,Q,A,R,9374,12464,3,2890,15102010,,,,,,,,,,,,,,,,,,,,,,,,,28.050,28.750,28.050,266614.000,-0.018544,28.050,28.130,75316.000,8.000,8.000,28.525,604.000,-0.018544,-0.012,-0.012,-0.007,-0.007,-0.012
11552,2001/07/06,,11,3,2890,15102010,CELG,CELGENE CORP,,CELG,,Q,A,R,9374,12464,3,2890,15102010,,,,,,,,0.000,,,,,,,,,,,,,1.000,2.000,47.000,10.000,26.480,27.980,26.600,569662.000,-0.051693,26.600,26.660,75316.000,8.000,8.000,27.850,1182.000,-0.051693,-0.022,-0.022,-0.012,-0.012,-0.023
11552,2001/07/09,,11,3,2890,15102010,CELG,CELGENE CORP,,CELG,,Q,A,R,9374,12464,3,2890,15102010,,,,,,,,,,,,,,,,,,,,,,,,,27.020,29.500,28.490,1990723.000,0.071053,28.490,28.530,75316.000,8.000,8.000,27.040,2867.000,0.071053,0.006,0.006,0.002,0.002,0.007
11552,2001/07/10,,11,3,2890,15102010,CELG,CELGENE CORP,,CELG,,Q,A,R,9374,12464,3,2890,15102010,,,,,,,,0.000,,,,,,,,,,,,,1.000,2.000,46.000,10.000,26.900,29.400,27.780,1438414.000,-0.024921,27.780,27.790,75316.000,8.000,8.000,28.880,2382.000,-0.024921,-0.014,-0.014,-0.009,-0.009,-0.014
11552,2001/07/11,,11,3,2890,15102010,CELG,CELGENE CORP,,CELG,,Q,A,R,9374,12464,3,2890,15102010,,,,,,,,0.000,,,,,,,,,,,,,1.000,2.000,45.000,10.000,24.900,27.750,25.560,1864334.000,-0.079914,25.520,25.570,75316.000,8.000,8.000,27.050,2533.000,-0.079914,-0.002,-0.002,-0.005,-0.006,-0.001
11552,2001/07/12,,11,3,2890,15102010,CELG,CELGENE CORP,,CELG,,Q,A,R,9374,12464,3,2890,15102010,,,,,,,,0.000,,,,,,,,,,,,,1.000,2.000,46.000,10.000,25.890,27.730,27.520,863366.000,0.076682,27.520,27.590,75316.000,8.000,8.000,26.090,1617.000,0.076682,0.024,0.024,0.015,0.015,0.024
11552,2001/07/13,,11,3,2890,15102010,CELG,CELGENE CORP,,CELG,,Q,A,R,9374,12464,3,2890,15102010,,,,,,,,,,,,,,,,,,,,,,,,,26.500,29.380,26.700,1646638.000,-0.029796,26.940,26.950,75316.000,8.000,8.000,27.550,2973.000,-0.029796,0.005,0.005,0.004,0.004,0.006
11552,2001/07/16,,11,3,2890,15102010,CELG,CELGENE CORP,,CELG,,Q,A,R,9374,12464,3,2890,15102010,,,,,,,,,,,,,,,,,,,,,,,,,25.760,27.330,26.130,705887.000,-0.021348,26.130,26.140,75316.000,8.000,8.000,27.040,1547.000,-0.021348,-0.012,-0.012,-0.007,-0.007,-0.011
11552,2001/07/17,,11,3,2890,15102010,CELG,CELGENE CORP,,CELG,,Q,A,R,9374,12464,3,2890,15102010,,,,,,,,,,,,,,,,,,,,,,,,,26.150,27.270,26.190,953693.000,0.002296,26.190,26.340,75316.000,8.000,8.000,26.150,1420.000,0.002296,0.011,0.011,0.005,0.005,0.010
11552,2001/07/18,,11,3,2890,15102010,CELG,CELGENE CORP,,CELG,,Q,A,R,9374,12464,3,2890,15102010,,,,,,,,0.000,,,,,,,,,,,,,1.000,2.000,47.000,10.000,26.150,27.960,27.420,843371.000,0.046964,27.410,27.430,75316.000,8.000,8.000,26.210,1263.000,0.046964,-0.007,-0.007,-0.008,-0.008,-0.006
11552,2001/07/19,,11,3,2890,15102010,CELG,CELGENE CORP,,CELG,,Q,A,R,9374,12464,3,2890,15102010,,,,,,,,,,,,,,,,,,,,,,,,,27.470,28.676,27.640,951863.000,0.008023,27.580,27.650,75316.000,8.000,8.000,27.480,1082.000,0.008023,0.005,0.005,0.005,0.005,0.006
11552,2001/07/20,,11,3,2890,15102010,CELG,CELGENE CORP,,CELG,,Q,A,R,9374,12464,3,2890,15102010,,,,,,,,0.000,,,,,,,,,,,,,1.000,2.000,46.000,10.000,27.400,28.620,28.060,995099.000,0.015195,28.220,28.230,75316.000,8.000,8.000,27.480,869.000,0.015195,-0.003,-0.003,0.000,0.000,-0.003
11552,2001/07/23,,11,3,2890,15102010,CELG,CELGENE CORP,,CELG,,Q,A,R,9374,12464,3,2890,15102010,,,,,,,,0.000,,,,,,,,,,,,,1.000,2.000,47.000,10.000,28.010,29.160,28.690,619214.000,0.022452,28.640,28.690,75316.000,8.000,8.000,28.300,1114.000,0.022452,-0.015,-0.015,-0.006,-0.006,-0.016
11552,2001/07/24,,11,3,2890,15102010,CELG,CELGENE CORP,,CELG,,Q,A,R,9374,12464,3,2890,15102010,,,,,,,,0.000,,,,,,,,,,,,,1.000,2.000,46.000,10.000,26.000,28.900,26.650,1374893.000,-0.071105,26.450,26.650,75316.000,8.000,8.000,28.720,1664.000,-0.071105,-0.016,-0.016,-0.011,-0.012,-0.016
11552,2001/07/25,,11,3,2890,15102010,CELG,CELGENE CORP,,CELG,,Q,A,R,9374,12464,3,2890,15102010,,,,,,,,0.000,,,,,,,,,,,,,1.000,2.000,47.000,10.000,24.400,26.980,25.050,2138989.000,-0.060038,25.050,25.060,75316.000,8.000,8.000,26.750,1875.000,-0.060038,0.014,0.014,0.003,0.003,0.016
11552,2001/07/26,,11,3,2890,15102010,CELG,CELGENE CORP,,CELG,,Q,A,R,9374,12464,3,2890,15102010,,,,,,,,0.000,,,,,,,,,,,,,1.000,2.000,48.000,10.000,24.540,28.189,27.200,2317667.000,0.085828,27.200,27.300,75316.000,8.000,8.000,24.540,3529.000,0.085828,0.012,0.011,0.008,0.008,0.010
11552,2001/07/27,,11,3,2890,15102010,CELG,CELGENE CORP,,CELG,,Q,A,R,9374,12464,3,2890,15102010,,,,,,,,,,,,,,,,,,,,,,,,,27.530,29.110,27.810,720356.000,0.022426,27.810,27.880,75316.000,8.000,8.000,27.550,1692.000,0.022426,0.003,0.003,0.004,0.003,0.002
11552,2001/07/30,,11,3,2890,15102010,CELG,CELGENE CORP,,CELG,,Q,A,R,9374,12464,3,2890,15102010,,,,,,,,,,,,,,,,,,,,,,,,,26.730,28.180,26.880,646855.000,-0.033441,26.880,26.890,75316.000,8.000,8.000,27.950,1043.000,-0.033441,-0.001,-0.001,-0.001,-0.001,-0.001
11552,2001/07/31,,11,3,2890,15102010,CELG,CELGENE CORP,,CELG,,Q,A,R,9374,12464,3,2890,15102010,,,,,,,,0.000,,,,,,,,,,,,,1.000,2.000,48.000,10.000,26.120,27.320,26.180,718172.000,-0.026042,26.190,26.190,75334.000,8.000,8.000,26.680,1108.000,-0.026042,0.005,0.005,0.003,0.003,0.006
11552,2001/08/01,,11,3,2890,15102010,CELG,CELGENE CORP,,CELG,,Q,A,R,9374,12464,3,2890,15102010,,,,,,,,0.000,,,,,,,,,,,,,1.000,2.000,47.000,10.000,25.840,27.840,27.380,1052761.000,0.045836,27.480,27.700,75334.000,8.000,8.000,26.850,1315.000,0.045836,0.005,0.005,0.006,0.006,0.004
11552,2001/08/02,,11,3,2890,15102010,CELG,CELGENE CORP,,CELG,,Q,A,R,9374,12464,3,2890,15102010,,,,,,,,0.000,,,,,,,,,,,,,1.000,2.000,48.000,10.000,26.550,28.150,27.560,372344.000,0.006574,27.550,27.560,75334.000,8.000,8.000,27.700,919.000,0.006574,0.003,0.003,0.003,0.002,0.004
11552,2001/08/03,,11,3,2890,15102010,CELG,CELGENE CORP,,CELG,,Q,A,R,9374,12464,3,2890,15102010,,,,,,,,0.000,,,,,,,,,,,,,1.000,2.000,47.000,10.000,26.330,27.800,27.350,482638.000,-0.007620,27.340,27.350,75334.000,8.000,8.000,27.560,760.000,-0.007620,-0.005,-0.005,0.001,0.000,-0.005
11552,2001/08/06,,11,3,2890,15102010,CELG,CELGENE CORP,,CELG,,Q,A,R,9374,12464,3,2890,15102010,,,,,,,,0.000,,,,,,,,,,,,,1.000,2.000,48.000,10.000,26.890,27.700,27.700,525365.000,0.012797,27.690,27.700,75334.000,8.000,8.000,27.050,854.000,0.012797,-0.011,-0.011,-0.006,-0.006,-0.011
11552,2001/08/07,,11,3,2890,15102010,CELG,CELGENE CORP,,CELG,,Q,A,R,9374,12464,3,2890,15102010,,,,,,,,,,,,,,,,,,,,,,,,,26.380,27.600,26.650,508498.000,-0.037906,26.650,26.900,75334.000,8.000,8.000,27.300,888.000,-0.037906,0.002,0.002,-0.000,-0.000,0.003
11552,2001/08/08,,11,3,2890,15102010,CELG,CELGENE CORP,,CELG,,Q,A,R,9374,12464,3,2890,15102010,,,,,,,,,,,,,,,,,,,,,,,,,25.660,27.280,25.700,324551.000,-0.035647,25.700,25.710,75334.000,8.000,8.000,27.010,965.000,-0.035647,-0.017,-0.017,-0.010,-0.010,-0.017
11552,2001/08/09,,11,3,2890,15102010,CELG,CELGENE CORP,,CELG,,Q,A,R,9374,12464,3,2890,15102010,,,,,,,,0.000,,,,,,,,,,,,,1.000,2.000,47.000,10.000,24.350,26.050,25.930,1057017.000,0.008949,25.820,25.930,75334.000,8.000,8.000,25.710,1582.000,0.008949,-0.000,-0.000,-0.001,-0.001,-0.000
11552,2001/08/10,,11,3,2890,15102010,CELG,CELGENE CORP,,CELG,,Q,A,R,9374,12464,3,2890,15102010,,,,,,,,0.000,,,,,,,,,,,,,1.000,2.000,48.000,10.000,24.950,25.850,25.750,407988.000,-0.006942,25.750,25.760,75334.000,8.000,8.000,25.750,717.000,-0.006942,0.004,0.004,0.001,0.001,0.006
11552,2001/08/13,,11,3,2890,15102010,CELG,CELGENE CORP,,CELG,,Q,A,R,9374,12464,3,2890,15102010,,,,,,,,0.000,,,,,,,,,,,,,1.000,2.000,47.000,10.000,24.490,25.800,24.900,795499.000,-0.033010,24.900,24.910,75334.000,8.000,8.000,25.750,1117.000,-0.033010,0.002,0.002,0.003,0.002,0.001
11552,2001/08/14,,11,3,2890,15102010,CELG,CELGENE CORP,,CELG,,Q,A,R,9374,12464,3,2890,15102010,,,,,,,,0.000,,,,,,,,,,,,,1.000,2.000,48.000,10.000,24.600,25.460,25.070,616498.000,0.006827,25.070,25.080,75334.000,8.000,8.000,25.280,905.000,0.006827,-0.002,-0.002,0.002,0.002,-0.004
11552,2001/08/15,,11,3,2890,15102010,CELG,CELGENE CORP,,CELG,,Q,A,R,9374,12464,3,2890,15102010,,,,,,,,,,,,,,,,,,,,,,,,,24.160,25.350,24.220,543566.000,-0.033905,24.220,24.300,75334.000,8.000,8.000,25.000,1010.000,-0.033905,-0.007,-0.007,-0.005,-0.005,-0.007
11552,2001/08/16,,11,3,2890,15102010,CELG,CELGENE CORP,,CELG,,Q,A,R,9374,12464,3,2890,15102010,,,,,,,,0.000,,,,,,,,,,,,,1.000,2.000,47.000,10.000,21.830,24.090,23.600,1892784.000,-0.025599,23.580,23.810,75334.000,8.000,8.000,23.700,2622.000,-0.025599,0.002,0.002,-0.002,-0.002,0.003
11552,2001/08/17,,11,3,2890,15102010,CELG,CELGENE CORP,,CELG,,Q,A,R,9374,12464,3,2890,15102010,,,,,,,,0.000,,,,,,,,,,,,,1.000,2.000,48.000,10.000,22.600,24.840,23.740,528452.000,0.005932,23.730,23.740,75334.000,8.000,8.000,23.250,1622.000,0.005932,-0.016,-0.016,-0.007,-0.007,-0.017
11552,2001/08/20,,11,3,2890,15102010,CELG,CELGENE CORP,,CELG,,Q,A,R,9374,12464,3,2890,15102010,,,,,,,,,,,,,,,,,,,,,,,,,20.660,23.740,21.820,2017021.000,-0.080876,21.820,21.830,75334.000,8.000,8.000,23.730,2971.000,-0.080876,0.007,0.007,-0.000,-0.000,0.008
11552,2001/08/21,,11,3,2890,15102010,CELG,CELGENE CORP,,CELG,,Q,A,R,9374,12464,3,2890,15102010,,,,,,,,,,,,,,,,,,,,,,,,,21.050,22.520,21.540,1104661.000,-0.012832,21.540,21.570,75334.000,8.000,8.000,21.840,1489.000,-0.012832,-0.011,-0.011,-0.008,-0.008,-0.012
11552,2001/08/22,,11,3,2890,15102010,CELG,CELGENE CORP,,CELG,,Q,A,R,9374,12464,3,2890,15102010,,,,,,,,0.000,,,,,,,,,,,,,1.000,2.000,49.000,10.000,22.600,25.200,24.890,2736367.000,0.155525,24.890,24.900,75334.000,8.000,8.000,22.720,4166.000,0.155525,0.007,0.007,0.004,0.004,0.007
11552,2001/08/23,,11,3,2890,15102010,CELG,CELGENE CORP,,CELG,,Q,A,R,9374,12464,3,2890,15102010,,,,,,,,0.000,,,,,,,,,,,,,1.000,2.000,48.000,10.000,24.800,27.000,26.430,1127456.000,0.061872,26.420,26.430,75334.000,8.000,8.000,24.810,2501.000,0.061872,-0.003,-0.003,-0.004,-0.004,-0.003
11552,2001/08/24,,11,3,2890,15102010,CELG,CELGENE CORP,,CELG,,Q,A,R,9374,12464,3,2890,15102010,,,,,,,,,,,,,,,,,,,,,,,,,26.450,28.400,27.920,998800.000,0.056375,27.850,27.860,75334.000,8.000,8.000,26.700,1710.000,0.056375,0.018,0.018,0.011,0.011,0.020
11552,2001/08/27,,11,3,2890,15102010,CELG,CELGENE CORP,,CELG,,Q,A,R,9374,12464,3,2890,15102010,,,,,,,,0.000,,,,,,,,,,,,,1.000,2.000,47.000,10.000,26.600,28.090,27.500,651123.000,-0.015043,27.490,27.500,75334.000,8.000,8.000,27.860,1105.000,-0.015043,-0.004,-0.004,-0.002,-0.002,-0.005
11552,2001/08/28,,11,3,2890,15102010,CELG,CELGENE CORP,,CELG,,Q,A,R,9374,12464,3,2890,15102010,,,,,,,,0.000,,,,,,,,,,,,,1.000,2.000,48.000,10.000,27.950,29.500,28.090,1734119.000,0.021455,28.090,28.200,75334.000,8.000,8.000,28.000,2292.000,0.021455,-0.014,-0.014,-0.007,-0.007,-0.015
11552,2001/08/29,,11,3,2890,15102010,CELG,CELGENE CORP,,CELG,,Q,A,R,9374,12464,3,2890,15102010,,,,,,,,0.000,,,,,,,,,,,,,1.000,2.000,49.000,10.000,27.000,28.750,28.470,1560999.000,0.013528,28.520,28.610,75334.000,8.000,8.000,28.210,1800.000,0.013528,-0.010,-0.010,-0.003,-0.003,-0.011
11552,2001/08/30,,11,3,2890,15102010,CELG,CELGENE CORP,,CELG,,Q,A,R,9374,12464,3,2890,15102010,,,,,,,,0.000,,,,,,,,,,,,,1.000,2.000,48.000,10.000,27.080,28.600,27.630,912503.000,-0.029505,27.630,27.950,75334.000,8.000,8.000,28.460,1697.000,-0.029505,-0.016,-0.016,-0.009,-0.009,-0.017
11552,2001/08/31,,11,3,2890,15102010,CELG,CELGENE CORP,,CELG,,Q,A,R,9374,12464,3,2890,15102010,,,,,,,,,,,,,,,,,,,,,,,,,27.040,28.250,27.810,623515.000,0.006515,27.710,27.770,75334.000,8.000,8.000,27.040,982.000,0.006515,0.004,0.004,0.006,0.006,0.004
11552,2001/09/04,,11,3,2890,15102010,CELG,CELGENE CORP,,CELG,,Q,A,R,9374,12464,3,2890,15102010,,,,,,,,0.000,,,,,,,,,,,,,1.000,2.000,49.000,10.000,27.600,29.460,28.230,1356101.000,0.015102,28.230,28.240,75334.000,8.000,8.000,28.190,1879.000,0.015102,-0.002,-0.002,-0.006,-0.006,-0.001
11552,2001/09/05,,11,3,2890,15102010,CELG,CELGENE CORP,,CELG,,Q,A,R,9374,12464,3,2890,15102010,,,,,,,,,,,,,,,,,,,,,,,,,26.450,28.390,27.520,713737.000,-0.025151,27.500,27.800,75334.000,8.000,8.000,28.250,1966.000,-0.025151,-0.003,-0.003,-0.009,-0.009,-0.001
11552,2001/09/06,,11,3,2890,15102010,CELG,CELGENE CORP,,CELG,,Q,A,R,9374,12464,3,2890,15102010,,,,,,,,,,,,,,,,,,,,,,,,,26.610,28.110,27.400,683901.000,-0.004360,27.290,27.400,75334.000,8.000,8.000,27.600,1556.000,-0.004360,-0.021,-0.021,-0.014,-0.014,-0.022
11552,2001/09/07,,11,3,2890,15102010,CELG,CELGENE CORP,,CELG,,Q,A,R,9374,12464,3,2890,15102010,,,,,,,,0.000,,,,,,,,,,,,,1.000,2.000,48.000,10.000,26.500,27.950,27.410,607383.000,0.000365,27.410,27.450,75334.000,8.000,8.000,27.290,1137.000,0.000365,-0.018,-0.018,-0.012,-0.012,-0.019
11552,2001/09/10,,11,3,2890,15102010,CELG,CELGENE CORP,,CELG,,Q,A,R,9374,12464,3,2890,15102010,,,,,,,,0.000,,,,,,,,,,,,,1.000,2.000,49.000,10.000,26.800,28.130,27.750,971756.000,0.012404,27.600,27.610,75334.000,8.000,8.000,27.330,1738.000,0.012404,0.004,0.004,-0.007,-0.007,0.006
11552,2001/09/17,,11,3,2890,15102010,CELG,CELGENE CORP,,CELG,,Q,A,R,9374,12464,3,2890,15102010,,,,,,,,0.000,,,,,,,,,,,,,1.000,2.000,47.000,10.000,25.050,27.000,25.210,679612.000,-0.091532,25.210,25.230,75334.000,8.000,8.000,26.470,1614.000,-0.091532,-0.051,-0.051,-0.042,-0.043,-0.049
11552,2001/09/18,,11,3,2890,15102010,CELG,CELGENE CORP,,CELG,,Q,A,R,9374,12464,3,2890,15102010,,,,,,,,,,,,,,,,,,,,,,,,,23.780,26.050,24.100,821528.000,-0.044030,24.080,24.100,75334.000,8.000,8.000,25.760,1503.000,-0.044030,-0.008,-0.008,-0.010,-0.010,-0.006
11552,2001/09/19,,11,3,2890,15102010,CELG,CELGENE CORP,,CELG,,Q,A,R,9374,12464,3,2890,15102010,,,,,,,,0.000,,,,,,,,,,,,,1.000,2.000,46.000,10.000,21.510,24.250,22.620,1405866.000,-0.061411,22.580,22.630,75334.000,8.000,8.000,24.100,2038.000,-0.061411,-0.017,-0.017,-0.024,-0.024,-0.016
11552,2001/09/20,,11,3,2890,15102010,CELG,CELGENE CORP,,CELG,,Q,A,R,9374,12464,3,2890,15102010,,,,,,,,0.000,,,,,,,,,,,,,1.000,2.000,47.000,10.000,21.250,23.130,22.950,1562529.000,0.014589,22.940,22.950,75334.000,8.000,8.000,21.690,2063.000,0.014589,-0.031,-0.031,-0.033,-0.033,-0.031
11552,2001/09/21,,11,3,2890,15102010,CELG,CELGENE CORP,,CELG,,Q,A,R,9374,12464,3,2890,15102010,,,,,,,,,,,,,,,,,,,,,,,,,20.500,22.490,21.320,1092612.000,-0.071024,21.320,21.620,75334.000,8.000,8.000,22.400,1752.000,-0.071024,-0.019,-0.019,-0.020,-0.020,-0.019
11552,2001/09/24,,11,3,2890,15102010,CELG,CELGENE CORP,,CELG,,Q,A,R,9374,12464,3,2890,15102010,,,,,,,,0.000,,,,,,,,,,,,,1.000,2.000,46.000,10.000,21.220,22.750,21.450,1001219.000,0.006098,21.260,21.460,75334.000,8.000,8.000,22.250,1458.000,0.006098,0.038,0.038,0.033,0.033,0.039
11552,2001/09/25,,11,3,2890,15102010,CELG,CELGENE CORP,,CELG,,Q,A,R,9374,12464,3,2890,15102010,,,,,,,,0.000,,,,,,,,,,,,,1.000,2.000,48.000,10.000,21.290,23.750,23.750,1083055.000,0.107226,23.740,23.750,75334.000,8.000,8.000,21.300,1737.000,0.107226,0.008,0.008,0.004,0.004,0.009
11552,2001/09/26,,11,3,2890,15102010,CELG,CELGENE CORP,,CELG,,Q,A,R,9374,12464,3,2890,15102010,,,,,,,,,,,,,,,,,,,,,,,,,23.100,24.210,23.610,462906.000,-0.005895,23.610,23.620,75334.000,8.000,8.000,23.890,985.000,-0.005895,-0.006,-0.006,-0.010,-0.010,-0.005
11552,2001/09/27,,11,3,2890,15102010,CELG,CELGENE CORP,,CELG,,Q,A,R,9374,12464,3,2890,15102010,,,,,,,,0.000,,,,,,,,,,,,,1.000,2.000,47.000,10.000,23.150,26.630,26.630,1134724.000,0.127912,26.150,26.210,75334.000,8.000,8.000,23.560,2023.000,0.127912,0.011,0.011,-0.001,-0.001,0.011
11552,2001/09/28,,11,3,2890,15102010,CELG,CELGENE CORP,,CELG,,Q,A,R,9374,12464,3,2890,15102010,,,,,,,,0.000,,,,,,,,,,,,,1.000,2.000,48.000,10.000,26.240,27.700,26.430,1574548.000,-0.007510,26.450,26.500,75401.000,8.000,8.000,26.250,1863.000,-0.007510,0.023,0.023,0.025,0.025,0.022
11552,2001/10/01,,11,3,2890,15102010,CELG,CELGENE CORP,,CELG,,Q,A,R,9374,12464,3,2890,15102010,,,,,,,,0.000,,,,,,,,,,,,,1.000,2.000,49.000,10.000,24.250,26.100,24.640,1113971.000,-0.067726,24.790,24.850,75401.000,8.000,8.000,25.720,1896.000,-0.067726,-0.004,-0.004,-0.010,-0.010,-0.002
11552,2001/10/02,,11,3,2890,15102010,CELG,CELGENE CORP,,CELG,,Q,A,R,9374,12464,3,2890,15102010,,,,,,,,0.000,,,,,,,,,,,,,1.000,2.000,48.000,10.000,24.530,26.600,24.990,1420780.000,0.014205,24.990,25.000,75401.000,8.000,8.000,24.530,2102.000,0.014205,0.012,0.012,0.007,0.007,0.012
11552,2001/10/03,,11,3,2890,15102010,CELG,CELGENE CORP,,CELG,,Q,A,R,9374,12464,3,2890,15102010,,,,,,,,,,,,,,,,,,,,,,,,,24.550,27.600,27.200,779923.000,0.088435,27.160,27.170,75401.000,8.000,8.000,24.870,1772.000,0.088435,0.022,0.022,0.021,0.021,0.020
11552,2001/10/04,,11,3,2890,15102010,CELG,CELGENE CORP,,CELG,,Q,A,R,9374,12464,3,2890,15102010,,,,,,,,,,,,,,,,,,,,,,,,,25.500,27.300,25.670,1456836.000,-0.056250,25.670,25.690,75401.000,8.000,8.000,27.250,1803.000,-0.056250,-0.000,-0.000,0.011,0.011,-0.002
11552,2001/10/05,,11,3,2890,15102010,CELG,CELGENE CORP,,CELG,,Q,A,R,9374,12464,3,2890,15102010,,,,,,,,,,,,,,,,,,,,,,,,,23.500,25.610,23.980,1484196.000,-0.065836,23.980,23.990,75401.000,8.000,8.000,25.460,2042.000,-0.065836,0.000,0.000,0.001,0.000,0.002
11552,2001/10/08,,11,3,2890,15102010,CELG,CELGENE CORP,,CELG,,Q,A,R,9374,12464,3,2890,15102010,,,,,,,,,,,,,,,,,,,,,,,,,23.450,25.430,24.520,1270179.000,0.022519,24.510,24.700,75401.000,8.000,8.000,23.860,2009.000,0.022519,-0.008,-0.008,-0.002,-0.002,-0.008
11552,2001/10/09,,11,3,2890,15102010,CELG,CELGENE CORP,,CELG,,Q,A,R,9374,12464,3,2890,15102010,,,,,,,,0.000,,,,,,,,,,,,,1.000,2.000,49.000,10.000,24.070,25.240,24.770,776810.000,0.010196,24.770,24.840,75401.000,8.000,8.000,24.700,1289.000,0.010196,-0.005,-0.005,-0.004,-0.004,-0.005
11552,2001/10/10,,11,3,2890,15102010,CELG,CELGENE CORP,,CELG,,Q,A,R,9374,12464,3,2890,15102010,,,,,,,,,,,,,,,,,,,,,,,,,24.040,26.590,26.070,1385581.000,0.052483,26.070,26.080,75401.000,8.000,8.000,24.630,1933.000,0.052483,0.023,0.023,0.019,0.019,0.023
11552,2001/10/11,,11,3,2890,15102010,CELG,CELGENE CORP,,CELG,,Q,A,R,9374,12464,3,2890,15102010,,,,,,,,,,,,,,,,,,,,,,,,,26.580,28.500,27.400,1333010.000,0.051016,27.180,27.400,75401.000,8.000,8.000,26.580,2115.000,0.051016,0.017,0.017,0.019,0.019,0.015
11552,2001/10/12,,11,3,2890,15102010,CELG,CELGENE CORP,,CELG,,Q,A,R,9374,12464,3,2890,15102010,,,,,,,,0.000,,,,,,,,,,,,,1.000,2.000,48.000,10.000,26.010,28.000,27.930,924108.000,0.019343,27.930,27.990,75401.000,8.000,8.000,27.390,1684.000,0.019343,-0.005,-0.005,0.000,0.000,-0.005
11552,2001/10/15,,11,3,2890,15102010,CELG,CELGENE CORP,,CELG,,Q,A,R,9374,12464,3,2890,15102010,,,,,,,,0.000,,,,,,,,,,,,,1.000,2.000,50.000,10.000,27.600,30.850,30.781,2276773.000,0.102077,30.750,30.800,75401.000,8.000,8.000,27.840,3475.000,0.102077,-0.001,-0.001,0.003,0.003,-0.002
11552,2001/10/16,,11,3,2890,15102010,CELG,CELGENE CORP,,CELG,,Q,A,R,9374,12464,3,2890,15102010,,,,,,,,0.000,,,,,,,,,,,,,1.000,2.000,49.000,10.000,31.060,33.600,32.310,3679148.000,0.049674,32.310,32.320,75401.000,8.000,8.000,31.600,4961.000,0.049674,0.008,0.008,0.011,0.011,0.007
11552,2001/10/17,,11,3,2890,15102010,CELG,CELGENE CORP,,CELG,,Q,A,R,9374,12464,3,2890,15102010,,,,,,,,,,,,,,,,,,,,,,,,,29.550,32.300,29.740,2008619.000,-0.079542,29.740,29.750,75401.000,8.000,8.000,32.290,2899.000,-0.079542,-0.019,-0.019,-0.006,-0.006,-0.019
11552,2001/10/18,,11,3,2890,15102010,CELG,CELGENE CORP,,CELG,,Q,A,R,9374,12464,3,2890,15102010,,,,,,,,,,,,,,,,,,,,,,,,,29.380,30.410,30.180,1235111.000,0.014795,30.180,30.230,75401.000,8.000,8.000,29.770,1926.000,0.014795,-0.007,-0.007,-0.005,-0.005,-0.008
11552,2001/10/19,,11,3,2890,15102010,CELG,CELGENE CORP,,CELG,,Q,A,R,9374,12464,3,2890,15102010,,,,,,,,0.000,,,,,,,,,,,,,1.000,2.000,48.000,10.000,29.350,30.950,30.390,1135563.000,0.006958,30.380,30.390,75401.000,8.000,8.000,29.990,1547.000,0.006958,0.005,0.005,0.005,0.005,0.005
11552,2001/10/22,,11,3,2890,15102010,CELG,CELGENE CORP,,CELG,,Q,A,R,9374,12464,3,2890,15102010,,,,,,,,0.000,,,,,,,,,,,,,1.000,2.000,49.000,10.000,29.610,31.240,30.130,1630467.000,-0.008555,30.090,30.100,75401.000,8.000,8.000,30.080,2045.000,-0.008555,0.015,0.015,0.008,0.008,0.015
11552,2001/10/23,,11,3,2890,15102010,CELG,CELGENE CORP,,CELG,,Q,A,R,9374,12464,3,2890,15102010,,,,,,,,,,,,,,,,,,,,,,,,,28.500,30.740,29.330,1457409.000,-0.026552,29.390,29.420,75401.000,8.000,8.000,30.340,2060.000,-0.026552,-0.004,-0.004,0.000,0.000,-0.005
11552,2001/10/24,,11,3,2890,15102010,CELG,CELGENE CORP,,CELG,,Q,A,R,9374,12464,3,2890,15102010,,,,,,,,,,,,,,,,,,,,,,,,,29.000,30.360,29.160,1193152.000,-0.005796,29.160,29.170,75401.000,8.000,8.000,29.250,1764.000,-0.005796,0.001,0.001,0.004,0.004,0.000
11552,2001/10/25,,11,3,2890,15102010,CELG,CELGENE CORP,,CELG,,Q,A,R,9374,12464,3,2890,15102010,,,,,,,,0.000,,,,,,,,,,,,,1.000,2.000,50.000,10.000,28.730,32.970,32.120,2879349.000,0.101509,32.120,32.200,75401.000,8.000,8.000,28.750,4053.000,0.101509,0.014,0.014,0.011,0.011,0.014
11552,2001/10/26,,11,3,2890,15102010,CELG,CELGENE CORP,,CELG,,Q,A,R,9374,12464,3,2890,15102010,,,,,,,,,,,,,,,,,,,,,,,,,31.970,34.390,33.440,2219023.000,0.041096,33.570,33.580,75401.000,8.000,8.000,32.085,3409.000,0.041096,0.004,0.004,0.007,0.007,0.004
11552,2001/10/29,,11,3,2890,15102010,CELG,CELGENE CORP,,CELG,,Q,A,R,9374,12464,3,2890,15102010,,,,,,,,0.000,,,,,,,,,,,,,1.000,2.000,52.000,10.000,32.590,34.100,33.140,936906.000,-0.008971,33.140,33.150,75401.000,8.000,8.000,33.570,1805.000,-0.008971,-0.023,-0.023,-0.009,-0.009,-0.024
11552,2001/10/30,,11,3,2890,15102010,CELG,CELGENE CORP,,CELG,,Q,A,R,9374,12464,3,2890,15102010,,,,,,,,0.000,,,,,,,,,,,,,1.000,2.000,50.000,10.000,30.750,32.710,32.050,727325.000,-0.032891,31.950,32.050,75401.000,8.000,8.000,32.710,2064.000,-0.032891,-0.017,-0.017,-0.011,-0.012,-0.017
11552,2001/10/31,,11,3,2890,15102010,CELG,CELGENE CORP,,CELG,,Q,A,R,9374,12464,3,2890,15102010,,,,,,,,0.000,,,,,,,,,,,,,1.000,2.000,50.000,10.000,32.210,33.990,32.920,1309332.000,0.027145,32.900,32.920,75478.000,8.000,8.000,32.500,2222.000,0.027145,0.002,0.002,0.011,0.011,-0.000
11552,2001/11/01,,11,3,2890,15102010,CELG,CELGENE CORP,,CELG,,Q,A,R,9374,12464,3,2890,15102010,,,,,,,,0.000,,,,,,,,,,,,,1.000,2.000,51.000,10.000,32.940,34.990,34.620,2181540.000,0.051640,34.620,34.630,75478.000,8.000,8.000,33.660,2845.000,0.051640,0.021,0.021,0.009,0.009,0.023
11552,2001/11/02,,11,3,2890,15102010,CELG,CELGENE CORP,,CELG,,Q,A,R,9374,12464,3,2890,15102010,,,,,,,,0.000,,,,,,,,,,,,,1.000,2.000,50.000,10.000,33.970,35.760,34.580,1277903.000,-0.001155,34.580,34.600,75478.000,8.000,8.000,34.790,2470.000,-0.001155,0.002,0.002,-0.001,-0.001,0.003
11552,2001/11/05,,11,3,2890,15102010,CELG,CELGENE CORP,,CELG,,Q,A,R,9374,12464,3,2890,15102010,,,,,,,,,,,,,,,,,,,,,,,,,34.600,37.980,36.540,2606064.000,0.056680,36.540,36.550,75478.000,8.000,8.000,34.690,4043.000,0.056680,0.014,0.014,0.008,0.008,0.014
11552,2001/11/06,,11,3,2890,15102010,CELG,CELGENE CORP,,CELG,,Q,A,R,9374,12464,3,2890,15102010,,,,,,,,,,,,,,,,,,,,,,,,,35.250,37.200,36.360,1814194.000,-0.004926,36.360,36.410,75478.000,8.000,8.000,36.600,2622.000,-0.004926,0.014,0.014,0.007,0.007,0.015
11552,2001/11/07,,11,3,2890,15102010,CELG,CELGENE CORP,,CELG,,Q,A,R,9374,12464,3,2890,15102010,,,,,,,,,,,,,,,,,,,,,,,,,35.850,37.450,36.300,1202255.000,-0.001650,36.400,36.430,75478.000,8.000,8.000,36.490,1928.000,-0.001650,-0.002,-0.002,0.001,0.001,-0.003
11552,2001/11/08,,11,3,2890,15102010,CELG,CELGENE CORP,,CELG,,Q,A,R,9374,12464,3,2890,15102010,,,,,,,,,,,,,,,,,,,,,,,,,35.230,37.620,35.990,1294159.000,-0.008540,35.980,35.990,75478.000,8.000,8.000,36.500,2111.000,-0.008540,0.001,0.001,0.003,0.003,0.002
11552,2001/11/09,,11,3,2890,15102010,CELG,CELGENE CORP,,CELG,,Q,A,R,9374,12464,3,2890,15102010,,,,,,,,,,,,,,,,,,,,,,,,,34.580,35.700,34.980,1048268.000,-0.028063,34.980,34.990,75478.000,8.000,8.000,35.565,1591.000,-0.028063,0.001,0.001,0.003,0.003,0.002
11552,2001/11/12,,11,3,2890,15102010,CELG,CELGENE CORP,,CELG,,Q,A,R,9374,12464,3,2890,15102010,,,,,,,,,,,,,,,,,,,,,,,,,33.550,35.640,35.440,1639685.000,0.013150,35.430,35.440,75478.000,8.000,8.000,34.990,1928.000,0.013150,-0.001,-0.001,0.001,0.001,-0.002
11552,2001/11/13,,11,3,2890,15102010,CELG,CELGENE CORP,,CELG,,Q,A,R,9374,12464,3,2890,15102010,,,,,,,,,,,,,,,,,,,,,,,,,36.000,38.130,38.130,2380056.000,0.075903,38.120,38.130,75478.000,8.000,8.000,36.050,2648.000,0.075903,0.019,0.018,0.014,0.014,0.019
11552,2001/11/14,,11,3,2890,15102010,CELG,CELGENE CORP,,CELG,,Q,A,R,9374,12464,3,2890,15102010,,,,,,,,0.000,,,,,,,,,,,,,1.000,2.000,51.000,10.000,36.400,38.880,36.990,2617644.000,-0.029898,36.990,37.000,75478.000,8.000,8.000,38.840,2750.000,-0.029898,0.003,0.003,0.008,0.007,0.002
11552,2001/11/15,,11,3,2890,15102010,CELG,CELGENE CORP,,CELG,,Q,A,R,9374,12464,3,2890,15102010,,,,,,,,,,,,,,,,,,,,,,,,,35.750,37.760,36.990,1609770.000,0.000000,36.990,37.000,75478.000,8.000,8.000,37.750,2670.000,0.000000,0.000,0.000,0.000,0.000,0.001
11552,2001/11/16,,11,3,2890,15102010,CELG,CELGENE CORP,,CELG,,Q,A,R,9374,12464,3,2890,15102010,,,,,,,,0.000,,,,,,,,,,,,,1.000,2.000,50.000,10.000,35.800,37.160,35.910,1681566.000,-0.029197,35.900,35.910,75478.000,8.000,8.000,37.050,1570.000,-0.029197,-0.002,-0.002,0.006,0.006,-0.003
11552,2001/11/19,,11,3,2890,15102010,CELG,CELGENE CORP,,CELG,,Q,A,R,9374,12464,3,2890,15102010,,,,,,,,,,,,,,,,,,,,,,,,,35.730,38.250,37.900,1697333.000,0.055416,37.900,38.000,75478.000,8.000,8.000,36.550,2443.000,0.055416,0.012,0.012,0.012,0.012,0.011
11552,2001/11/20,,11,3,2890,15102010,CELG,CELGENE CORP,,CELG,,Q,A,R,9374,12464,3,2890,15102010,,,,,,,,,,,,,,,,,,,,,,,,,36.930,38.540,37.720,1290151.000,-0.004749,37.740,37.750,75478.000,8.000,8.000,37.850,2221.000,-0.004749,-0.008,-0.008,-0.005,-0.005,-0.007
11552,2001/11/21,,11,3,2890,15102010,CELG,CELGENE CORP,,CELG,,Q,A,R,9374,12464,3,2890,15102010,,,,,,,,0.000,,,,,,,,,,,,,1.000,2.000,49.000,10.000,36.420,38.200,36.850,877603.000,-0.023065,36.850,36.870,75478.000,8.000,8.000,37.780,1417.000,-0.023065,-0.004,-0.005,0.000,0.000,-0.005
11552,2001/11/23,,11,3,2890,15102010,CELG,CELGENE CORP,,CELG,,Q,A,R,9374,12464,3,2890,15102010,,,,,,,,,,,,,,,,,,,,,,,,,36.720,38.310,38.300,500419.000,0.039349,38.270,38.310,75478.000,8.000,8.000,36.735,864.000,0.039349,0.012,0.012,0.010,0.010,0.012
11552,2001/11/26,,11,3,2890,15102010,CELG,CELGENE CORP,,CELG,,Q,A,R,9374,12464,3,2890,15102010,,,,,,,,,,,,,,,,,,,,,,,,,36.930,38.330,37.370,1191245.000,-0.024282,37.360,37.370,75478.000,8.000,8.000,38.270,2031.000,-0.024282,0.007,0.007,0.006,0.006,0.006
11552,2001/11/27,,11,3,2890,15102010,CELG,CELGENE CORP,,CELG,,Q,A,R,9374,12464,3,2890,15102010,,,,,,,,,,,,,,,,,,,,,,,,,37.090,38.500,37.670,1388111.000,0.008028,37.640,37.800,75478.000,8.000,8.000,37.090,1934.000,0.008028,-0.005,-0.005,0.002,0.002,-0.007
11552,2001/11/28,,11,3,2890,15102010,CELG,CELGENE CORP,,CELG,,Q,A,R,9374,12464,3,2890,15102010,,,,,,,,,,,,,,,,,,,,,,,,,33.750,37.600,35.160,3033569.000,-0.066631,35.160,35.170,75478.000,8.000,8.000,37.590,4559.000,-0.066631,-0.017,-0.018,-0.010,-0.010,-0.018
11552,2001/11/29,,11,3,2890,15102010,CELG,CELGENE CORP,,CELG,,Q,A,R,9374,12464,3,2890,15102010,,,,,,,,,,,,,,,,,,,,,,,,,35.000,35.900,35.550,1157966.000,0.011092,35.550,35.560,75478.000,8.000,8.000,35.250,2019.000,0.011092,0.011,0.011,0.009,0.009,0.010
11552,2001/11/30,,11,3,2890,15102010,CELG,CELGENE CORP,,CELG,,Q,A,R,9374,12464,3,2890,15102010,,,,,,,,,,,,,,,,,,,,,,,,,33.680,36.420,34.890,1957035.000,-0.018565,34.870,34.940,75478.000,8.000,8.000,35.760,3297.000,-0.018565,-0.001,-0.001,0.001,0.001,-0.001
11552,2001/12/03,,11,3,2890,15102010,CELG,CELGENE CORP,,CELG,,Q,A,R,9374,12464,3,2890,15102010,,,,,,,,,,,,,,,,,,,,,,,,,33.650,35.130,33.860,714382.000,-0.029521,33.850,33.860,75478.000,8.000,8.000,35.080,1701.000,-0.029521,-0.008,-0.008,-0.007,-0.007,-0.008
11552,2001/12/04,,11,3,2890,15102010,CELG,CELGENE CORP,,CELG,,Q,A,R,9374,12464,3,2890,15102010,,,,,,,,,,,,,,,,,,,,,,,,,32.280,34.980,33.040,1527282.000,-0.024217,33.020,33.040,75478.000,8.000,8.000,34.010,3275.000,-0.024217,0.015,0.015,0.012,0.012,0.013
11552,2001/12/05,,11,3,2890,15102010,CELG,CELGENE CORP,,CELG,,Q,A,R,9374,12464,3,2890,15102010,,,,,,,,,,,,,,,,,,,,,,,,,32.993,34.600,34.380,1413971.000,0.040557,34.390,34.400,75478.000,8.000,8.000,33.450,2338.000,0.040557,0.023,0.023,0.017,0.017,0.022
11552,2001/12/06,,11,3,2890,15102010,CELG,CELGENE CORP,,CELG,,Q,A,R,9374,12464,3,2890,15102010,,,,,,,,,,,,,,,,,,,,,,,,,34.590,37.000,36.000,1934882.000,0.047120,35.970,36.000,75478.000,8.000,8.000,34.640,3472.000,0.047120,-0.001,-0.001,0.006,0.006,-0.003
11552,2001/12/07,,11,3,2890,15102010,CELG,CELGENE CORP,,CELG,,Q,A,R,9374,12464,3,2890,15102010,,,,,,,,0.000,,,,,,,,,,,,,1.000,2.000,48.000,10.000,30.600,35.720,31.500,5912907.000,-0.125000,31.500,31.750,75478.000,8.000,8.000,35.710,8551.000,-0.125000,-0.007,-0.007,0.002,0.002,-0.008
11552,2001/12/10,,11,3,2890,15102010,CELG,CELGENE CORP,,CELG,,Q,A,R,9374,12464,3,2890,15102010,,,,,,,,0.000,,,,,,,,,,,,,1.000,2.000,49.000,10.000,31.160,33.600,31.800,4560827.000,0.009524,31.760,31.800,75478.000,8.000,8.000,32.050,5737.000,0.009524,-0.015,-0.015,-0.007,-0.007,-0.016
11552,2001/12/11,,11,3,2890,15102010,CELG,CELGENE CORP,,CELG,,Q,A,R,9374,12464,3,2890,15102010,,,,,,,,,,,,,,,,,,,,,,,,,30.300,33.320,31.340,3581562.000,-0.014465,31.250,31.390,75478.000,8.000,8.000,33.100,5432.000,-0.014465,-0.002,-0.002,0.003,0.003,-0.003
11552,2001/12/12,,11,3,2890,15102010,CELG,CELGENE CORP,,CELG,,Q,A,R,9374,12464,3,2890,15102010,,,,,,,,,,,,,,,,,,,,,,,,,30.020,31.350,30.210,1921667.000,-0.036056,30.200,30.210,75478.000,8.000,8.000,30.950,2993.000,-0.036056,0.001,0.000,0.002,0.002,0.000
11552,2001/12/13,,11,3,2890,15102010,CELG,CELGENE CORP,,CELG,,Q,A,R,9374,12464,3,2890,15102010,,,,,,,,,,,,,,,,,,,,,,,,,29.730,31.329,31.000,1377281.000,0.026150,30.990,31.000,75478.000,8.000,8.000,29.810,2896.000,0.026150,-0.015,-0.015,-0.008,-0.008,-0.016
11552,2001/12/14,,11,3,2890,15102010,CELG,CELGENE CORP,,CELG,,Q,A,R,9374,12464,3,2890,15102010,,,,,,,,0.000,,,,,,,,,,,,,1.000,2.000,48.000,10.000,29.510,31.200,30.760,1314682.000,-0.007742,30.740,30.840,75478.000,8.000,8.000,31.200,3167.000,-0.007742,0.003,0.003,0.002,0.002,0.003
11552,2001/12/17,,11,3,2890,15102010,CELG,CELGENE CORP,,CELG,,Q,A,R,9374,12464,3,2890,15102010,,,,,,,,0.000,,,,,,,,,,,,,1.000,2.000,48.000,10.000,30.090,31.440,31.020,2105119.000,0.008453,31.050,31.070,75574.000,8.000,8.000,30.650,2658.000,0.008453,0.010,0.010,0.005,0.005,0.010
11552,2001/12/18,,11,3,2890,15102010,CELG,CELGENE CORP,,CELG,,Q,A,R,9374,12464,3,2890,15102010,,,,,,,,0.000,,,,,,,,,,,,,1.000,2.000,49.000,10.000,30.070,31.340,30.600,1407388.000,-0.013540,30.600,30.780,75574.000,8.000,8.000,31.340,2279.000,-0.013540,0.008,0.008,0.007,0.007,0.008
11552,2001/12/19,,11,3,2890,15102010,CELG,CELGENE CORP,,CELG,,Q,A,R,9374,12464,3,2890,15102010,,,,,,,,,,,,,,,,,,,,,,,,,29.760,32.080,31.320,1195713.000,0.023529,31.300,31.320,75574.000,8.000,8.000,30.690,2146.000,0.023529,0.004,0.004,-0.003,-0.003,0.006
11552,2001/12/20,,11,3,2890,15102010,CELG,CELGENE CORP,,CELG,,Q,A,R,9374,12464,3,2890,15102010,,,,,,,,,,,,,,,,,,,,,,,,,30.700,31.990,30.700,718648.000,-0.019796,30.700,30.740,75574.000,8.000,8.000,31.180,1523.000,-0.019796,-0.009,-0.009,-0.009,-0.009,-0.008
11552,2001/12/21,,11,3,2890,15102010,CELG,CELGENE CORP,,CELG,,Q,A,R,9374,12464,3,2890,15102010,,,,,,,,,,,,,,,,,,,,,,,,,28.800,31.340,30.920,2249904.000,0.007166,30.950,31.050,75574.000,8.000,8.000,29.760,2805.000,0.007166,0.006,0.006,0.010,0.010,0.004
11552,2001/12/24,,11,3,2890,15102010,CELG,CELGENE CORP,,CELG,,Q,A,R,9374,12464,3,2890,15102010,,,,,,,,,,,,,,,,,,,,,,,,,30.950,31.740,31.400,150086.000,0.015524,31.400,31.560,75574.000,8.000,8.000,31.150,462.000,0.015524,0.000,0.000,0.004,0.004,-0.000
11552,2001/12/26,,11,3,2890,15102010,CELG,CELGENE CORP,,CELG,,Q,A,R,9374,12464,3,2890,15102010,,,,,,,,0.000,,,,,,,,,,,,,1.000,2.000,50.000,10.000,31.380,32.380,32.120,574227.000,0.022930,32.120,32.190,75574.000,8.000,8.000,31.590,884.000,0.022930,0.005,0.005,0.007,0.007,0.004
11552,2001/12/27,,11,3,2890,15102010,CELG,CELGENE CORP,,CELG,,Q,A,R,9374,12464,3,2890,15102010,,,,,,,,0.000,,,,,,,,,,,,,1.000,2.000,49.000,10.000,32.200,33.250,32.970,716316.000,0.026463,32.970,33.170,75574.000,8.000,8.000,32.490,1434.000,0.026463,0.007,0.007,0.008,0.008,0.007
11552,2001/12/28,,11,3,2890,15102010,CELG,CELGENE CORP,,CELG,,Q,A,R,9374,12464,3,2890,15102010,,,,,,,,,,,,,,,,,,,,,,,,,32.600,33.270,32.940,985143.000,-0.000910,32.940,33.020,75574.000,8.000,8.000,32.990,1101.000,-0.000910,0.004,0.004,0.009,0.009,0.003
11552,2001/12/31,,11,3,2890,15102010,CELG,CELGENE CORP,,CELG,,Q,A,R,9374,12464,3,2890,15102010,,,,,,,,0.000,,,,,,,,,,,,,1.000,2.000,50.000,10.000,31.600,33.170,31.920,909851.000,-0.030965,31.920,32.050,75575.000,8.000,8.000,33.040,1464.000,-0.030965,-0.010,-0.010,0.007,0.007,-0.011
11552,2002/01/02,,11,3,2890,15102010,CELG,CELGENE CORP,,CELG,,Q,A,R,9374,12464,3,2890,15102010,,,,,,,,,,,,,,,,,,,,,,,,,30.500,32.200,31.400,639689.000,-0.016291,31.390,31.400,75575.000,8.000,8.000,32.100,1405.000,-0.016291,0.004,0.004,0.008,0.008,0.006
11552,2002/01/03,,11,3,2890,15102010,CELG,CELGENE CORP,,CELG,,Q,A,R,9374,12464,3,2890,15102010,,,,,,,,,,,,,,,,,,,,,,,,,28.870,31.850,29.810,2176005.000,-0.050637,29.810,29.870,75575.000,8.000,8.000,31.630,3234.000,-0.050637,0.010,0.010,0.013,0.013,0.009
11552,2002/01/04,,11,3,2890,15102010,CELG,CELGENE CORP,,CELG,,Q,A,R,9374,12464,3,2890,15102010,,,,,,,,0.000,,,,,,,,,,,,,1.000,2.000,51.000,10.000,28.990,31.070,30.640,1456552.000,0.027843,30.630,30.660,75575.000,8.000,8.000,29.790,3045.000,0.027843,0.007,0.007,0.011,0.011,0.006
11552,2002/01/07,,11,3,2890,15102010,CELG,CELGENE CORP,,CELG,,Q,A,R,9374,12464,3,2890,15102010,,,,,,,,0.000,,,,,,,,,,,,,1.000,2.000,49.000,10.000,29.700,32.060,30.100,1136565.000,-0.017624,29.920,30.200,75575.000,8.000,8.000,31.460,2608.000,-0.017624,-0.007,-0.007,-0.000,-0.000,-0.006
11552,2002/01/08,,11,3,2890,15102010,CELG,CELGENE CORP,,CELG,,Q,A,R,9374,12464,3,2890,15102010,,,,,,,,,,,,,,,,,,,,,,,,,29.000,30.350,29.980,912295.000,-0.003987,29.960,30.020,75575.000,8.000,8.000,30.050,2076.000,-0.003987,-0.002,-0.003,0.005,0.005,-0.004
11552,2002/01/09,,11,3,2890,15102010,CELG,CELGENE CORP,,CELG,,Q,A,R,9374,12464,3,2890,15102010,,,,,,,,,,,,,,,,,,,,,,,,,29.000,30.290,29.150,867519.000,-0.027685,29.060,29.070,75575.000,8.000,8.000,30.250,2014.000,-0.027685,-0.004,-0.004,0.001,0.001,-0.005
11552,2002/01/10,,11,3,2890,15102010,CELG,CELGENE CORP,,CELG,,Q,A,R,9374,12464,3,2890,15102010,,,,,,,,,,,,,,,,,,,,,,,,,28.571,29.450,29.040,1219422.000,-0.003774,29.040,29.050,75575.000,8.000,8.000,29.000,2209.000,-0.003774,0.001,0.001,0.000,0.000,0.001
11552,2002/01/11,,11,3,2890,15102010,CELG,CELGENE CORP,,CELG,,Q,A,R,9374,12464,3,2890,15102010,,,,,,,,,,,,,,,,,,,,,,,,,28.650,29.900,28.760,701080.000,-0.009642,28.760,28.770,75575.000,8.000,8.000,29.410,1639.000,-0.009642,-0.009,-0.009,-0.004,-0.004,-0.009
11552,2002/01/14,,11,3,2890,15102010,CELG,CELGENE CORP,,CELG,,Q,A,R,9374,12464,3,2890,15102010,,,,,,,,,,,,,,,,,,,,,,,,,27.330,28.940,28.010,893480.000,-0.026078,28.010,28.030,75575.000,8.000,8.000,28.760,2227.000,-0.026078,-0.008,-0.008,-0.010,-0.010,-0.006
11552,2002/01/15,,11,3,2890,15102010,CELG,CELGENE CORP,,CELG,,Q,A,R,9374,12464,3,2890,15102010,,,,,,,,,,,,,,,,,,,,,,,,,27.450,29.250,29.000,1971164.000,0.035345,28.990,29.000,75575.000,8.000,8.000,27.770,2613.000,0.035345,0.006,0.006,0.001,0.001,0.007
11552,2002/01/16,,11,3,2890,15102010,CELG,CELGENE CORP,,CELG,,Q,A,R,9374,12464,3,2890,15102010,,,,,,,,,,,,,,,,,,,,,,,,,27.750,29.080,27.810,1004469.000,-0.041035,27.810,27.820,75575.000,8.000,8.000,29.000,1966.000,-0.041035,-0.016,-0.016,-0.011,-0.011,-0.016
11552,2002/01/17,,11,3,2890,15102010,CELG,CELGENE CORP,,CELG,,Q,A,R,9374,12464,3,2890,15102010,,,,,,,,0.000,,,,,,,,,,,,,1.000,2.000,50.000,10.000,26.100,28.450,27.170,1324835.000,-0.023013,27.170,27.180,75575.000,8.000,8.000,28.260,2607.000,-0.023013,0.010,0.010,0.007,0.007,0.010
11552,2002/01/18,,11,3,2890,15102010,CELG,CELGENE CORP,,CELG,,Q,A,R,9374,12464,3,2890,15102010,,,,,,,,0.000,,,,,,,,,,,,,1.000,2.000,49.000,10.000,25.530,27.700,25.830,1018324.000,-0.049319,25.850,25.860,75575.000,8.000,8.000,27.130,2447.000,-0.049319,-0.010,-0.010,-0.006,-0.006,-0.010
11552,2002/01/22,,11,3,2890,15102010,CELG,CELGENE CORP,,CELG,,Q,A,R,9374,12464,3,2890,15102010,,,,,,,,,,,,,,,,,,,,,,,,,25.410,27.000,26.440,952595.000,0.023616,26.340,26.500,75575.000,8.000,8.000,26.200,2071.000,0.023616,-0.008,-0.008,-0.008,-0.008,-0.007
11552,2002/01/23,,11,3,2890,15102010,CELG,CELGENE CORP,,CELG,,Q,A,R,9374,12464,3,2890,15102010,,,,,,,,0.000,,,,,,,,,,,,,1.000,2.000,48.000,10.000,25.690,27.800,27.700,1297545.000,0.047655,27.700,27.710,75575.000,8.000,8.000,26.110,2630.000,0.047655,0.009,0.009,0.008,0.008,0.008
11552,2002/01/24,,11,3,2890,15102010,CELG,CELGENE CORP,,CELG,,Q,A,R,9374,12464,3,2890,15102010,,,,,,,,0.000,,,,,,,,,,,,,1.000,2.000,49.000,10.000,27.090,28.050,27.300,1491925.000,-0.014440,27.300,27.320,75575.000,8.000,8.000,27.780,2014.000,-0.014440,0.004,0.004,0.006,0.006,0.004
11552,2002/01/25,,11,3,2890,15102010,CELG,CELGENE CORP,,CELG,,Q,A,R,9374,12464,3,2890,15102010,,,,,,,,0.000,,,,,,,,,,,,,1.000,2.000,48.000,10.000,26.600,27.400,27.160,789661.000,-0.005128,27.160,27.170,75575.000,8.000,8.000,27.280,1296.000,-0.005128,0.001,0.001,0.000,0.000,0.001
11552,2002/01/28,,11,3,2890,15102010,CELG,CELGENE CORP,,CELG,,Q,A,R,9374,12464,3,2890,15102010,,,,,,,,0.000,,,,,,,,,,,,,1.000,2.000,49.000,10.000,26.120,27.900,26.260,360622.000,-0.033137,26.250,26.300,75575.000,8.000,8.000,27.360,1086.000,-0.033137,0.000,0.000,0.000,0.000,-0.000
11552,2002/01/29,,11,3,2890,15102010,CELG,CELGENE CORP,,CELG,,Q,A,R,9374,12464,3,2890,15102010,,,,,,,,,,,,,,,,,,,,,,,,,25.670,26.350,25.830,412414.000,-0.016375,25.830,25.840,75575.000,8.000,8.000,26.165,1127.000,-0.016375,-0.025,-0.025,-0.011,-0.012,-0.029
11552,2002/01/30,,11,3,2890,15102010,CELG,CELGENE CORP,,CELG,,Q,A,R,9374,12464,3,2890,15102010,,,,,,,,0.000,,,,,,,,,,,,,1.000,2.000,50.000,10.000,22.650,27.440,27.140,4712370.000,0.050716,27.070,27.160,75575.000,8.000,8.000,24.300,5775.000,0.050716,0.010,0.010,0.004,0.004,0.012
11552,2002/01/31,,11,3,2890,15102010,CELG,CELGENE CORP,,CELG,,Q,A,R,9374,12464,3,2890,15102010,,,,,,,,,,,,,,,,,,,,,,,,,26.810,28.380,27.420,2424087.000,0.010317,27.470,27.600,75575.000,8.000,8.000,27.410,2721.000,0.010317,0.013,0.013,0.010,0.009,0.015
11552,2002/02/01,,11,3,2890,15102010,CELG,CELGENE CORP,,CELG,,Q,A,R,9374,12464,3,2890,15102010,,,,,,,,0.000,,,,,,,,,,,,,1.000,2.000,49.000,10.000,27.450,28.790,28.160,909842.000,0.026988,28.160,28.170,75575.000,8.000,8.000,27.650,2028.000,0.026988,-0.006,-0.006,-0.002,-0.002,-0.007
11552,2002/02/04,,11,3,2890,15102010,CELG,CELGENE CORP,,CELG,,Q,A,R,9374,12464,3,2890,15102010,,,,,,,,,,,,,,,,,,,,,,,,,25.590,27.990,25.830,1102587.000,-0.082741,25.830,25.840,75575.000,8.000,8.000,27.970,2029.000,-0.082741,-0.024,-0.024,-0.016,-0.016,-0.025
11552,2002/02/05,,11,3,2890,15102010,CELG,CELGENE CORP,,CELG,,Q,A,R,9374,12464,3,2890,15102010,,,,,,,,0.000,,,,,,,,,,,,,1.000,2.000,50.000,10.000,25.080,26.990,26.800,1165260.000,0.037553,26.800,26.810,75575.000,8.000,8.000,25.130,2366.000,0.037553,-0.005,-0.005,-0.008,-0.008,-0.004
11552,2002/02/06,,11,3,2890,15102010,CELG,CELGENE CORP,,CELG,,Q,A,R,9374,12464,3,2890,15102010,,,,,,,,0.000,,,,,,,,,,,,,1.000,2.000,49.000,10.000,25.800,27.500,26.100,3336711.000,-0.026119,26.100,26.210,75575.000,8.000,8.000,27.300,2729.000,-0.026119,-0.007,-0.007,-0.010,-0.010,-0.006
11552,2002/02/07,,11,3,2890,15102010,CELG,CELGENE CORP,,CELG,,Q,A,R,9374,12464,3,2890,15102010,,,,,,,,,,,,,,,,,,,,,,,,,25.000,26.460,25.630,1262542.000,-0.018008,25.630,25.680,75575.000,8.000,8.000,26.100,1783.000,-0.018008,-0.004,-0.004,-0.006,-0.006,-0.003
11552,2002/02/08,,11,3,2890,15102010,CELG,CELGENE CORP,,CELG,,Q,A,R,9374,12464,3,2890,15102010,,,,,,,,0.000,,,,,,,,,,,,,1.000,2.000,50.000,10.000,25.530,28.350,28.140,2048264.000,0.097932,28.040,28.080,75575.000,8.000,8.000,25.600,3526.000,0.097932,0.016,0.016,0.012,0.012,0.015
11552,2002/02/11,,11,3,2890,15102010,CELG,CELGENE CORP,,CELG,,Q,A,R,9374,12464,3,2890,15102010,,,,,,,,0.000,,,,,,,,,,,,,1.000,2.000,49.000,10.000,28.150,29.200,28.360,1627440.000,0.007818,28.360,28.480,75575.000,8.000,8.000,28.250,2415.000,0.007818,0.013,0.013,0.008,0.008,0.014
11552,2002/02/12,,11,3,2890,15102010,CELG,CELGENE CORP,,CELG,,Q,A,R,9374,12464,3,2890,15102010,,,,,,,,,,,,,,,,,,,,,,,,,27.310,29.700,28.600,1657598.000,0.008463,28.600,28.620,75575.000,8.000,8.000,27.800,2843.000,0.008463,-0.003,-0.003,-0.000,-0.000,-0.004
11552,2002/02/13,,11,3,2890,15102010,CELG,CELGENE CORP,,CELG,,Q,A,R,9374,12464,3,2890,15102010,,,,,,,,,,,,,,,,,,,,,,,,,27.770,29.250,28.980,1469279.000,0.013287,28.980,29.050,75575.000,8.000,8.000,28.710,1925.000,0.013287,0.010,0.009,0.006,0.006,0.010
11552,2002/02/14,,11,3,2890,15102010,CELG,CELGENE CORP,,CELG,,Q,A,R,9374,12464,3,2890,15102010,,,,,,,,0.000,,,,,,,,,,,,,1.000,2.000,50.000,10.000,27.560,29.590,27.600,1784315.000,-0.047619,27.600,27.640,75575.000,8.000,8.000,28.980,2512.000,-0.047619,-0.002,-0.003,-0.005,-0.005,-0.002
11552,2002/02/15,,11,3,2890,15102010,CELG,CELGENE CORP,,CELG,,Q,A,R,9374,12464,3,2890,15102010,,,,,,,,,,,,,,,,,,,,,,,,,26.290,28.200,27.040,1674715.000,-0.020290,27.040,27.250,75575.000,8.000,8.000,27.820,2376.000,-0.020290,-0.010,-0.010,-0.004,-0.004,-0.011
11552,2002/02/19,,11,3,2890,15102010,CELG,CELGENE CORP,,CELG,,Q,A,R,9374,12464,3,2890,15102010,,,,,,,,,,,,,,,,,,,,,,,,,25.450,26.980,25.780,1056293.000,-0.046598,25.750,25.760,75575.000,8.000,8.000,26.950,1665.000,-0.046598,-0.019,-0.019,-0.015,-0.015,-0.019
11552,2002/02/20,,11,3,2890,15102010,CELG,CELGENE CORP,,CELG,,Q,A,R,9374,12464,3,2890,15102010,,,,,,,,0.000,,,,,,,,,,,,,1.000,2.000,51.000,10.000,25.750,27.542,27.200,1447058.000,0.055081,27.200,27.210,75575.000,8.000,8.000,25.770,1962.000,0.055081,0.013,0.013,0.005,0.005,0.014
11552,2002/02/21,,11,3,2890,15102010,CELG,CELGENE CORP,,CELG,,Q,A,R,9374,12464,3,2890,15102010,,,,,,,,0.000,,,,,,,,,,,,,1.000,2.000,50.000,10.000,26.680,28.240,27.080,1400160.000,-0.004412,27.080,27.090,75575.000,8.000,8.000,27.120,1759.000,-0.004412,-0.015,-0.015,-0.009,-0.009,-0.016
11552,2002/02/22,,11,3,2890,15102010,CELG,CELGENE CORP,,CELG,,Q,A,R,9374,12464,3,2890,15102010,,,,,,,,,,,,,,,,,,,,,,,,,25.420,27.110,26.050,920635.000,-0.038035,26.010,26.050,75575.000,8.000,8.000,27.040,1797.000,-0.038035,0.007,0.007,0.004,0.004,0.008
11552,2002/02/25,,11,3,2890,15102010,CELG,CELGENE CORP,,CELG,,Q,A,R,9374,12464,3,2890,15102010,,,,,,,,,,,,,,,,,,,,,,,,,24.490,26.250,26.000,1157958.000,-0.001919,25.900,26.010,75575.000,8.000,8.000,26.050,2408.000,-0.001919,0.016,0.016,0.005,0.005,0.018
11552,2002/02/26,,11,3,2890,15102010,CELG,CELGENE CORP,,CELG,,Q,A,R,9374,12464,3,2890,15102010,,,,,,,,,,,,,,,,,,,,,,,,,25.860,26.890,26.500,791236.000,0.019231,26.500,26.550,75575.000,8.000,8.000,26.000,1825.000,0.019231,0.001,0.001,0.003,0.003,-0.000
11552,2002/02/27,,11,3,2890,15102010,CELG,CELGENE CORP,,CELG,,Q,A,R,9374,12464,3,2890,15102010,,,,,,,,0.000,,,,,,,,,,,,,1.000,2.000,49.000,10.000,26.630,27.470,26.660,896218.000,0.006038,26.660,26.670,75575.000,8.000,8.000,27.030,1454.000,0.006038,0.001,0.001,0.003,0.003,0.000
11552,2002/02/28,,11,3,2890,15102010,CELG,CELGENE CORP,,CELG,,Q,A,R,9374,12464,3,2890,15102010,,,,,,,,0.000,,,,,,,,,,,,,1.000,2.000,50.000,10.000,24.810,27.000,26.090,1927857.000,-0.021380,26.060,26.090,75575.000,8.000,8.000,26.750,3139.000,-0.021380,-0.003,-0.003,-0.001,-0.001,-0.003
11552,2002/03/01,,11,3,2890,15102010,CELG,CELGENE CORP,,CELG,,Q,A,R,9374,12464,3,2890,15102010,,,,,,,,0.000,,,,,,,,,,,,,1.000,2.000,51.000,10.000,25.150,26.180,25.890,674977.000,-0.007666,25.780,25.840,75649.000,8.000,8.000,26.040,1496.000,-0.007666,0.022,0.022,0.012,0.012,0.023
11552,2002/03/04,,11,3,2890,15102010,CELG,CELGENE CORP,,CELG,,Q,A,R,9374,12464,3,2890,15102010,,,,,,,,,,,,,,,,,,,,,,,,,25.950,26.970,26.040,956230.000,0.005794,26.040,26.050,75649.000,8.000,8.000,26.080,1732.000,0.005794,0.020,0.020,0.015,0.015,0.019
11552,2002/03/05,,11,3,2890,15102010,CELG,CELGENE CORP,,CELG,,Q,A,R,9374,12464,3,2890,15102010,,,,,,,,,,,,,,,,,,,,,,,,,25.350,26.690,25.350,980369.000,-0.026498,25.350,25.400,75649.000,8.000,8.000,26.040,1758.000,-0.026498,-0.005,-0.005,0.003,0.003,-0.007
11552,2002/03/06,,11,3,2890,15102010,CELG,CELGENE CORP,,CELG,,Q,A,R,9374,12464,3,2890,15102010,,,,,,,,,,,,,,,,,,,,,,,,,25.420,27.800,27.770,1167957.000,0.095464,27.710,27.730,75649.000,8.000,8.000,25.690,2867.000,0.095464,0.014,0.014,0.013,0.012,0.015
11552,2002/03/07,,11,3,2890,15102010,CELG,CELGENE CORP,,CELG,,Q,A,R,9374,12464,3,2890,15102010,,,,,,,,,,,,,,,,,,,,,,,,,22.320,24.450,23.260,8342712.000,-0.162405,23.260,23.260,75649.000,8.000,8.000,22.750,12083.000,-0.162405,-0.004,-0.004,0.004,0.004,-0.004
11552,2002/03/08,,11,3,2890,15102010,CELG,CELGENE CORP,,CELG,,Q,A,R,9374,12464,3,2890,15102010,,,,,,,,,,,,,,,,,,,,,,,,,21.920,23.600,22.500,2538938.000,-0.032674,22.490,22.500,75649.000,8.000,8.000,23.220,4269.000,-0.032674,0.007,0.007,0.009,0.009,0.006
11552,2002/03/11,,11,3,2890,15102010,CELG,CELGENE CORP,,CELG,,Q,A,R,9374,12464,3,2890,15102010,,,,,,,,,,,,,,,,,,,,,,,,,21.520,23.650,23.180,1367419.000,0.030222,23.180,23.190,75649.000,8.000,8.000,22.100,3355.000,0.030222,0.003,0.003,0.005,0.005,0.003
11552,2002/03/12,,11,3,2890,15102010,CELG,CELGENE CORP,,CELG,,Q,A,R,9374,12464,3,2890,15102010,,,,,,,,,,,,,,,,,,,,,,,,,22.250,23.300,22.630,804926.000,-0.023727,22.630,22.650,75649.000,8.000,8.000,22.800,2000.000,-0.023727,-0.003,-0.003,-0.003,-0.003,-0.002
11552,2002/03/13,,11,3,2890,15102010,CELG,CELGENE CORP,,CELG,,Q,A,R,9374,12464,3,2890,15102010,,,,,,,,,,,,,,,,,,,,,,,,,22.500,23.030,22.700,760349.000,0.003093,22.700,22.710,75649.000,8.000,8.000,22.650,1592.000,0.003093,-0.009,-0.009,-0.003,-0.004,-0.010
11552,2002/03/14,,11,3,2890,15102010,CELG,CELGENE CORP,,CELG,,Q,A,R,9374,12464,3,2890,15102010,,,,,,,,0.000,,,,,,,,,,,,,1.000,2.000,52.000,10.000,22.700,23.368,23.050,1047551.000,0.015418,23.040,23.050,75649.000,8.000,8.000,22.770,1477.000,0.015418,-0.000,-0.000,0.004,0.004,-0.001
11552,2002/03/15,,11,3,2890,15102010,CELG,CELGENE CORP,,CELG,,Q,A,R,9374,12464,3,2890,15102010,,,,,,,,,,,,,,,,,,,,,,,,,22.800,23.320,23.306,769635.000,0.011098,23.220,23.320,75649.000,8.000,8.000,23.110,1336.000,0.011098,0.010,0.010,0.005,0.005,0.011
11552,2002/03/18,,11,3,2890,15102010,CELG,CELGENE CORP,,CELG,,Q,A,R,9374,12464,3,2890,15102010,,,,,,,,0.000,,,,,,,,,,,,,1.000,2.000,51.000,10.000,23.310,24.140,23.810,736803.000,0.021634,23.810,24.010,75649.000,8.000,8.000,23.310,1509.000,0.021634,0.001,0.001,0.005,0.005,-0.001
11552,2002/03/19,,11,3,2890,15102010,CELG,CELGENE CORP,,CELG,,Q,A,R,9374,12464,3,2890,15102010,,,,,,,,,,,,,,,,,,,,,,,,,23.660,24.400,24.350,1039632.000,0.022680,24.350,24.360,75649.000,8.000,8.000,23.850,1498.000,0.022680,0.003,0.003,0.003,0.003,0.004
11552,2002/03/20,,11,3,2890,15102010,CELG,CELGENE CORP,,CELG,,Q,A,R,9374,12464,3,2890,15102010,,,,,,,,,,,,,,,,,,,,,,,,,23.760,24.710,23.790,1344771.000,-0.022998,23.790,23.810,75649.000,8.000,8.000,24.510,2170.000,-0.022998,-0.014,-0.014,-0.006,-0.006,-0.016
11552,2002/03/21,,11,3,2890,15102010,CELG,CELGENE CORP,,CELG,,Q,A,R,9374,12464,3,2890,15102010,,,,,,,,,,,,,,,,,,,,,,,,,23.800,25.250,25.040,1100928.000,0.052543,25.040,25.050,75649.000,8.000,8.000,23.860,1914.000,0.052543,0.003,0.003,0.006,0.006,0.002
11552,2002/03/22,,11,3,2890,15102010,CELG,CELGENE CORP,,CELG,,Q,A,R,9374,12464,3,2890,15102010,,,,,,,,0.000,,,,,,,,,,,,,1.000,2.000,53.000,10.000,24.530,26.190,25.700,1325973.000,0.026358,25.500,25.710,75649.000,8.000,8.000,25.110,2301.000,0.026358,-0.004,-0.004,-0.000,-0.000,-0.004
11552,2002/03/25,,11,3,2890,15102010,CELG,CELGENE CORP,,CELG,,Q,A,R,9374,12464,3,2890,15102010,,,,,,,,0.000,,,,,,,,,,,,,1.000,2.000,52.000,10.000,24.260,25.950,24.730,843097.000,-0.037743,24.730,24.740,75649.000,8.000,8.000,25.740,1931.000,-0.037743,-0.014,-0.014,-0.007,-0.007,-0.015
11552,2002/03/26,,11,3,2890,15102010,CELG,CELGENE CORP,,CELG,,Q,A,R,9374,12464,3,2890,15102010,,,,,,,,0.000,,,,,,,,,,,,,1.000,2.000,51.000,10.000,24.080,25.030,24.900,832062.000,0.006874,24.870,24.900,75649.000,8.000,8.000,24.870,1296.000,0.006874,0.006,0.006,0.005,0.004,0.006
11552,2002/03/27,,11,3,2890,15102010,CELG,CELGENE CORP,,CELG,,Q,A,R,9374,12464,3,2890,15102010,,,,,,,,,,,,,,,,,,,,,,,,,24.260,25.190,24.370,502443.000,-0.021285,24.370,24.400,75649.000,8.000,8.000,24.950,1194.000,-0.021285,0.006,0.005,0.006,0.006,0.005
11552,2002/03/28,,11,3,2890,15102010,CELG,CELGENE CORP,,CELG,,Q,A,R,9374,12464,3,2890,15102010,,,,,,,,0.000,,,,,,,,,,,,,1.000,2.000,52.000,10.000,24.100,24.800,24.750,454877.000,0.015593,24.710,24.750,75677.000,8.000,8.000,24.320,1002.000,0.015593,0.003,0.003,0.006,0.006,0.002
11552,2002/04/01,,11,3,2890,15102010,CELG,CELGENE CORP,,CELG,,Q,A,R,9374,12464,3,2890,15102010,,,,,,,,,,,,,,,,,,,,,,,,,23.950,24.780,24.360,487885.000,-0.015758,24.350,24.500,75677.000,8.000,8.000,24.600,1135.000,-0.015758,-0.001,-0.001,-0.001,-0.001,-0.001
11552,2002/04/02,,11,3,2890,15102010,CELG,CELGENE CORP,,CELG,,Q,A,R,9374,12464,3,2890,15102010,,,,,,,,0.000,,,,,,,,,,,,,1.000,2.000,53.000,10.000,24.250,25.200,24.560,1179891.000,0.008210,24.630,24.670,75677.000,8.000,8.000,24.520,1845.000,0.008210,-0.009,-0.009,-0.005,-0.005,-0.009
11552,2002/04/03,,11,3,2890,15102010,CELG,CELGENE CORP,,CELG,,Q,A,R,9374,12464,3,2890,15102010,,,,,,,,0.000,,,,,,,,,,,,,1.000,2.000,52.000,10.000,23.820,24.880,24.450,559593.000,-0.004479,24.460,24.500,75677.000,8.000,8.000,24.530,1217.000,-0.004479,-0.009,-0.010,-0.006,-0.006,-0.010
11552,2002/04/04,,11,3,2890,15102010,CELG,CELGENE CORP,,CELG,,Q,A,R,9374,12464,3,2890,15102010,,,,,,,,,,,,,,,,,,,,,,,,,23.470,24.530,24.400,847094.000,-0.002045,24.420,24.430,75677.000,8.000,8.000,24.110,1607.000,-0.002045,0.001,0.001,0.001,0.001,0.001
11552,2002/04/05,,11,3,2890,15102010,CELG,CELGENE CORP,,CELG,,Q,A,R,9374,12464,3,2890,15102010,,,,,,,,,,,,,,,,,,,,,,,,,23.000,24.050,23.210,666617.000,-0.048771,23.210,23.220,75677.000,8.000,8.000,24.000,1676.000,-0.048771,-0.003,-0.003,-0.000,-0.000,-0.003
11552,2002/04/08,,11,3,2890,15102010,CELG,CELGENE CORP,,CELG,,Q,A,R,9374,12464,3,2890,15102010,,,,,,,,,,,,,,,,,,,,,,,,,22.180,23.680,23.650,744220.000,0.018957,23.460,23.590,75677.000,8.000,8.000,23.120,1750.000,0.018957,0.003,0.003,0.003,0.002,0.002
11552,2002/04/09,,11,3,2890,15102010,CELG,CELGENE CORP,,CELG,,Q,A,R,9374,12464,3,2890,15102010,,,,,,,,,,,,,,,,,,,,,,,,,22.780,24.000,23.100,558541.000,-0.023256,23.000,23.160,75677.000,8.000,8.000,23.760,1360.000,-0.023256,-0.006,-0.006,-0.002,-0.002,-0.007
11552,2002/04/10,,11,3,2890,15102010,CELG,CELGENE CORP,,CELG,,Q,A,R,9374,12464,3,2890,15102010,,,,,,,,0.000,,,,,,,,,,,,,1.000,2.000,53.000,10.000,23.000,24.050,24.000,1107375.000,0.038961,23.910,24.000,75677.000,8.000,8.000,23.260,1749.000,0.038961,0.011,0.011,0.009,0.008,0.011
11552,2002/04/11,,11,3,2890,15102010,CELG,CELGENE CORP,,CELG,,Q,A,R,9374,12464,3,2890,15102010,,,,,,,,,,,,,,,,,,,,,,,,,23.630,24.450,23.810,903958.000,-0.007917,23.700,23.910,75677.000,8.000,8.000,23.920,1877.000,-0.007917,-0.021,-0.021,-0.010,-0.010,-0.024
11552,2002/04/12,,11,3,2890,15102010,CELG,CELGENE CORP,,CELG,,Q,A,R,9374,12464,3,2890,15102010,,,,,,,,,,,,,,,,,,,,,,,,,23.500,24.320,23.810,600045.000,0.000000,23.770,23.810,75677.000,8.000,8.000,23.660,1314.000,0.000000,0.008,0.008,0.011,0.011,0.007
11552,2002/04/15,,11,3,2890,15102010,CELG,CELGENE CORP,,CELG,,Q,A,R,9374,12464,3,2890,15102010,,,,,,,,0.000,,,,,,,,,,,,,1.000,2.000,54.000,10.000,23.350,24.080,23.489,407027.000,-0.013482,23.460,23.490,75677.000,8.000,8.000,23.610,1280.000,-0.013482,-0.006,-0.006,-0.001,-0.001,-0.008
11552,2002/04/16,,11,3,2890,15102010,CELG,CELGENE CORP,,CELG,,Q,A,R,9374,12464,3,2890,15102010,,,,,,,,,,,,,,,,,,,,,,,,,23.550,24.340,24.020,650648.000,0.022606,24.010,24.040,75677.000,8.000,8.000,23.560,1467.000,0.022606,0.022,0.022,0.016,0.016,0.023
11552,2002/04/17,,11,3,2890,15102010,CELG,CELGENE CORP,,CELG,,Q,A,R,9374,12464,3,2890,15102010,,,,,,,,,,,,,,,,,,,,,,,,,23.590,24.120,23.740,341061.000,-0.011657,23.720,23.750,75677.000,8.000,8.000,24.040,899.000,-0.011657,-0.002,-0.002,0.001,0.001,-0.002
11552,2002/04/18,,11,3,2890,15102010,CELG,CELGENE CORP,,CELG,,Q,A,R,9374,12464,3,2890,15102010,,,,,,,,,,,,,,,,,,,,,,,,,23.500,24.250,24.040,572971.000,0.012637,24.040,24.050,75677.000,8.000,8.000,23.840,1502.000,0.012637,-0.002,-0.002,0.003,0.003,-0.001
11552,2002/04/19,,11,3,2890,15102010,CELG,CELGENE CORP,,CELG,,Q,A,R,9374,12464,3,2890,15102010,,,,,,,,,,,,,,,,,,,,,,,,,22.740,24.200,22.860,910056.000,-0.049085,22.860,22.950,75677.000,8.000,8.000,24.150,1854.000,-0.049085,0.001,0.001,0.002,0.002,0.001
11552,2002/04/22,,11,3,2890,15102010,CELG,CELGENE CORP,,CELG,,Q,A,R,9374,12464,3,2890,15102010,,,,,,,,0.000,,,,,,,,,,,,,1.000,2.000,54.000,10.000,21.510,22.640,21.690,1565309.000,-0.051181,21.690,21.720,75678.000,8.000,8.000,22.630,2505.000,-0.051181,-0.015,-0.015,-0.008,-0.008,-0.015
11552,2002/04/23,,11,3,2890,15102010,CELG,CELGENE CORP,,CELG,,Q,A,R,9374,12464,3,2890,15102010,,,,,,,,,,,,,,,,,,,,,,,,,20.790,22.000,21.780,748720.000,0.004149,21.780,21.820,75678.000,8.000,8.000,21.560,1829.000,0.004149,-0.005,-0.005,-0.001,-0.001,-0.006
11552,2002/04/24,,11,3,2890,15102010,CELG,CELGENE CORP,,CELG,,Q,A,R,9374,12464,3,2890,15102010,,,,,,,,,,,,,,,,,,,,,,,,,20.770,21.990,21.120,598110.000,-0.030303,21.080,21.170,75678.000,8.000,8.000,21.780,1664.000,-0.030303,-0.006,-0.006,-0.002,-0.002,-0.007
11552,2002/04/25,,11,3,2890,15102010,CELG,CELGENE CORP,,CELG,,Q,A,R,9374,12464,3,2890,15102010,,,,,,,,,,,,,,,,,,,,,,,,,19.100,21.130,19.810,1555918.000,-0.062027,19.780,19.810,75678.000,8.000,8.000,21.060,2583.000,-0.062027,-0.002,-0.002,-0.002,-0.002,-0.002
11552,2002/04/26,,11,3,2890,15102010,CELG,CELGENE CORP,,CELG,,Q,A,R,9374,12464,3,2890,15102010,,,,,,,,,,,,,,,,,,,,,,,,,18.640,20.050,19.300,2622541.000,-0.025745,19.290,19.410,75678.000,8.000,8.000,19.800,2622.000,-0.025745,-0.013,-0.014,-0.009,-0.009,-0.014
11552,2002/04/29,,11,3,2890,15102010,CELG,CELGENE CORP,,CELG,,Q,A,R,9374,12464,3,2890,15102010,,,,,,,,,,,,,,,,,,,,,,,,,18.380,19.250,18.840,527471.000,-0.023834,18.840,18.950,75678.000,8.000,8.000,19.110,1506.000,-0.023834,-0.009,-0.009,-0.006,-0.006,-0.010
11552,2002/04/30,,11,3,2890,15102010,CELG,CELGENE CORP,,CELG,,Q,A,R,9374,12464,3,2890,15102010,,,,,,,,0.000,,,,,,,,,,,,,1.000,2.000,54.000,10.000,18.850,20.070,19.780,1157154.000,0.049894,19.760,19.770,75692.000,8.000,8.000,18.890,1854.000,0.049894,0.012,0.012,0.010,0.010,0.011
11552,2002/05/01,,11,3,2890,15102010,CELG,CELGENE CORP,,CELG,,Q,A,R,9374,12464,3,2890,15102010,,,,,,,,,,,,,,,,,,,,,,,,,19.200,20.400,19.510,1492437.000,-0.013650,19.500,19.510,75692.000,8.000,8.000,19.840,2444.000,-0.013650,0.008,0.007,0.001,0.001,0.009
11552,2002/05/02,,11,3,2890,15102010,CELG,CELGENE CORP,,CELG,,Q,A,R,9374,12464,3,2890,15102010,,,,,,,,,,,,,,,,,,,,,,,,,19.300,19.770,19.600,626433.000,0.004613,19.640,19.650,75692.000,8.000,8.000,19.550,1156.000,0.004613,-0.002,-0.002,0.000,0.000,-0.002
11552,2002/05/03,,11,3,2890,15102010,CELG,CELGENE CORP,,CELG,,Q,A,R,9374,12464,3,2890,15102010,,,,,,,,,,,,,,,,,,,,,,,,,18.500,19.650,19.000,733896.000,-0.030612,18.990,19.000,75692.000,8.000,8.000,19.640,1481.000,-0.030612,-0.009,-0.009,-0.002,-0.002,-0.010
11552,2002/05/06,,11,3,2890,15102010,CELG,CELGENE CORP,,CELG,,Q,A,R,9374,12464,3,2890,15102010,,,,,,,,,,,,,,,,,,,,,,,,,17.550,19.000,17.920,753296.000,-0.056842,17.920,17.960,75692.000,8.000,8.000,18.990,1571.000,-0.056842,-0.018,-0.018,-0.011,-0.011,-0.019
11552,2002/05/07,,11,3,2890,15102010,CELG,CELGENE CORP,,CELG,,Q,A,R,9374,12464,3,2890,15102010,,,,,,,,,,,,,,,,,,,,,,,,,17.790,18.600,18.200,856687.000,0.015625,18.200,18.220,75692.000,8.000,8.000,18.340,1920.000,0.015625,-0.004,-0.004,-0.006,-0.006,-0.003
11552,2002/05/08,,11,3,2890,15102010,CELG,CELGENE CORP,,CELG,,Q,A,R,9374,12464,3,2890,15102010,,,,,,,,,,,,,,,,,,,,,,,,,18.500,20.150,19.991,1087974.000,0.098407,19.990,20.000,75692.000,8.000,8.000,18.510,2288.000,0.098407,0.034,0.034,0.019,0.019,0.038
11552,2002/05/09,,11,3,2890,15102010,CELG,CELGENE CORP,,CELG,,Q,A,R,9374,12464,3,2890,15102010,,,,,,,,,,,,,,,,,,,,,,,,,18.750,20.000,18.800,465845.000,-0.059577,18.750,18.760,75692.000,8.000,8.000,19.870,1467.000,-0.059577,-0.014,-0.014,-0.008,-0.008,-0.015
11552,2002/05/10,,11,3,2890,15102010,CELG,CELGENE CORP,,CELG,,Q,A,R,9374,12464,3,2890,15102010,,,,,,,,,,,,,,,,,,,,,,,,,18.300,18.950,18.410,606154.000,-0.020745,18.410,18.510,75692.000,8.000,8.000,18.900,1490.000,-0.020745,-0.015,-0.015,-0.008,-0.008,-0.017
11552,2002/05/13,,11,3,2890,15102010,CELG,CELGENE CORP,,CELG,,Q,A,R,9374,12464,3,2890,15102010,,,,,,,,,,,,,,,,,,,,,,,,,18.470,19.410,19.170,452252.000,0.041282,19.170,19.180,75692.000,8.000,8.000,18.470,1604.000,0.041282,0.017,0.017,0.007,0.007,0.019
11552,2002/05/14,,11,3,2890,15102010,CELG,CELGENE CORP,,CELG,,Q,A,R,9374,12464,3,2890,15102010,,,,,,,,,,,,,,,,,,,,,,,,,19.520,20.480,20.100,651745.000,0.048513,20.090,20.100,75692.000,8.000,8.000,19.660,1635.000,0.048513,0.021,0.021,0.015,0.015,0.021
11552,2002/05/15,,11,3,2890,15102010,CELG,CELGENE CORP,,CELG,,Q,A,R,9374,12464,3,2890,15102010,,,,,,,,,,,,,,,,,,,,,,,,,20.100,21.450,20.620,902408.000,0.025871,20.450,20.560,75692.000,8.000,8.000,20.290,2396.000,0.025871,-0.003,-0.004,0.001,0.001,-0.006
11552,2002/05/16,,11,3,2890,15102010,CELG,CELGENE CORP,,CELG,,Q,A,R,9374,12464,3,2890,15102010,,,,,,,,,,,,,,,,,,,,,,,,,19.761,20.390,19.830,762873.000,-0.038312,19.770,19.830,75692.000,8.000,8.000,20.380,1421.000,-0.038312,0.004,0.003,-0.001,-0.001,0.007
11552,2002/05/17,,11,3,2890,15102010,CELG,CELGENE CORP,,CELG,,Q,A,R,9374,12464,3,2890,15102010,,,,,,,,,,,,,,,,,,,,,,,,,19.660,21.000,21.000,653892.000,0.059002,20.690,21.000,75692.000,8.000,8.000,20.080,1218.000,0.059002,0.007,0.007,0.004,0.004,0.008
11552,2002/05/20,,11,3,2890,15102010,CELG,CELGENE CORP,,CELG,,Q,A,R,9374,12464,3,2890,15102010,,,,,,,,,,,,,,,,,,,,,,,,,19.390,20.900,19.850,780146.000,-0.054762,19.850,19.860,75692.000,8.000,8.000,20.900,1574.000,-0.054762,-0.012,-0.012,-0.006,-0.006,-0.013
11552,2002/05/21,,11,3,2890,15102010,CELG,CELGENE CORP,,CELG,,Q,A,R,9374,12464,3,2890,15102010,,,,,,,,,,,,,,,,,,,,,,,,,19.970,21.150,19.980,1032674.000,0.006549,19.970,19.980,75692.000,8.000,8.000,20.650,2173.000,0.006549,-0.011,-0.011,-0.009,-0.009,-0.011
11552,2002/05/22,,11,3,2890,15102010,CELG,CELGENE CORP,,CELG,,Q,A,R,9374,12464,3,2890,15102010,,,,,,,,,,,,,,,,,,,,,,,,,18.440,20.660,18.820,1267351.000,-0.058058,18.810,18.820,75692.000,8.000,8.000,19.999,2568.000,-0.058058,0.004,0.004,-0.002,-0.002,0.006
11552,2002/05/23,,11,3,2890,15102010,CELG,CELGENE CORP,,CELG,,Q,A,R,9374,12464,3,2890,15102010,,,,,,,,,,,,,,,,,,,,,,,,,18.650,20.600,20.470,1147230.000,0.087673,20.400,20.470,75692.000,8.000,8.000,19.140,2004.000,0.087673,0.010,0.010,0.007,0.007,0.010
11552,2002/05/24,,11,3,2890,15102010,CELG,CELGENE CORP,,CELG,,Q,A,R,9374,12464,3,2890,15102010,,,,,,,,,,,,,,,,,,,,,,,,,18.920,20.350,18.930,541563.000,-0.075232,18.920,18.930,75692.000,8.000,8.000,20.300,1399.000,-0.075232,-0.011,-0.011,-0.005,-0.005,-0.012
11552,2002/05/28,,11,3,2890,15102010,CELG,CELGENE CORP,,CELG,,Q,A,R,9374,12464,3,2890,15102010,,,,,,,,,,,,,,,,,,,,,,,,,18.479,19.260,19.100,522794.000,0.008980,19.040,19.040,75692.000,8.000,8.000,19.200,1464.000,0.008980,-0.007,-0.007,-0.002,-0.002,-0.009
11552,2002/05/29,,11,3,2890,15102010,CELG,CELGENE CORP,,CELG,,Q,A,R,9374,12464,3,2890,15102010,,,,,,,,0.000,,,,,,,,,,,,,1.000,2.000,53.000,10.000,18.180,19.400,18.200,405165.000,-0.047120,18.190,18.200,75692.000,8.000,8.000,19.000,1335.000,-0.047120,-0.007,-0.007,-0.006,-0.006,-0.006
11552,2002/05/30,,11,3,2890,15102010,CELG,CELGENE CORP,,CELG,,Q,A,R,9374,12464,3,2890,15102010,,,,,,,,,,,,,,,,,,,,,,,,,18.010,18.690,18.260,642221.000,0.003297,18.260,18.370,75692.000,8.000,8.000,18.170,1565.000,0.003297,-0.002,-0.002,-0.001,-0.001,-0.003
11552,2002/05/31,,11,3,2890,15102010,CELG,CELGENE CORP,,CELG,,Q,A,R,9374,12464,3,2890,15102010,,,,,,,,,,,,,,,,,,,,,,,,,17.830,18.740,18.000,471615.000,-0.014239,18.000,18.010,75692.000,8.000,8.000,18.530,1100.000,-0.014239,0.002,0.002,0.003,0.003,0.002
11552,2002/06/03,,11,3,2890,15102010,CELG,CELGENE CORP,,CELG,,Q,A,R,9374,12464,3,2890,15102010,,,,,,,,,,,,,,,,,,,,,,,,,16.800,18.200,17.020,1075653.000,-0.054444,17.020,17.030,75692.000,8.000,8.000,18.010,1931.000,-0.054444,-0.024,-0.024,-0.018,-0.018,-0.025
11552,2002/06/04,,11,3,2890,15102010,CELG,CELGENE CORP,,CELG,,Q,A,R,9374,12464,3,2890,15102010,,,,,,,,,,,,,,,,,,,,,,,,,16.130,17.500,17.000,1307816.000,-0.001175,16.970,17.000,75692.000,8.000,8.000,16.380,2613.000,-0.001175,-0.001,-0.001,-0.004,-0.004,0.000
11552,2002/06/05,,11,3,2890,15102010,CELG,CELGENE CORP,,CELG,,Q,A,R,9374,12464,3,2890,15102010,,,,,,,,,,,,,,,,,,,,,,,,,16.770,18.130,17.740,1186625.000,0.043529,17.730,17.750,75692.000,8.000,8.000,17.000,1936.000,0.043529,0.008,0.007,0.000,0.000,0.009
11552,2002/06/06,,11,3,2890,15102010,CELG,CELGENE CORP,,CELG,,Q,A,R,9374,12464,3,2890,15102010,,,,,,,,,,,,,,,,,,,,,,,,,17.450,18.719,17.600,1911974.000,-0.007892,17.590,17.610,75692.000,8.000,8.000,17.670,2755.000,-0.007892,-0.018,-0.018,-0.015,-0.015,-0.020
11552,2002/06/07,,11,3,2890,15102010,CELG,CELGENE CORP,,CELG,,Q,A,R,9374,12464,3,2890,15102010,,,,,,,,,,,,,,,,,,,,,,,,,16.560,18.500,18.000,1180233.000,0.022727,18.000,18.070,75692.000,8.000,8.000,17.520,2664.000,0.022727,-0.000,-0.000,0.002,0.002,-0.002
11552,2002/06/10,,11,3,2890,15102010,CELG,CELGENE CORP,,CELG,,Q,A,R,9374,12464,3,2890,15102010,,,,,,,,,,,,,,,,,,,,,,,,,17.700,18.400,17.999,1000319.000,-0.000056,17.860,18.000,75692.000,8.000,8.000,17.850,1484.000,-0.000056,0.002,0.002,-0.003,-0.003,0.003
11552,2002/06/11,,11,3,2890,15102010,CELG,CELGENE CORP,,CELG,,Q,A,R,9374,12464,3,2890,15102010,,,,,,,,,,,,,,,,,,,,,,,,,16.210,18.240,16.600,1119019.000,-0.077727,16.600,16.650,75692.000,8.000,8.000,17.950,2071.000,-0.077727,-0.016,-0.016,-0.009,-0.009,-0.017
11552,2002/06/12,,11,3,2890,15102010,CELG,CELGENE CORP,,CELG,,Q,A,R,9374,12464,3,2890,15102010,,,,,,,,0.000,,,,,,,,,,,,,1.000,2.000,51.000,10.000,15.800,16.650,16.340,1258855.000,-0.015663,16.340,16.420,75692.000,8.000,8.000,16.340,2456.000,-0.015663,0.005,0.004,-0.004,-0.005,0.007
11552,2002/06/13,,11,3,2890,15102010,CELG,CELGENE CORP,,CELG,,Q,A,R,9374,12464,3,2890,15102010,,,,,,,,,,,,,,,,,,,,,,,,,15.940,16.650,16.400,805959.000,0.003672,16.400,16.500,75692.000,8.000,8.000,16.530,1748.000,0.003672,-0.010,-0.010,-0.007,-0.007,-0.010
11552,2002/06/14,,11,3,2890,15102010,CELG,CELGENE CORP,,CELG,,Q,A,R,9374,12464,3,2890,15102010,,,,,,,,,,,,,,,,,,,,,,,,,15.840,17.710,17.120,1336470.000,0.043903,17.110,17.120,75692.000,8.000,8.000,16.250,2222.000,0.043903,-0.001,-0.001,0.000,0.000,-0.002
11552,2002/06/17,,11,3,2890,15102010,CELG,CELGENE CORP,,CELG,,Q,A,R,9374,12464,3,2890,15102010,,,,,,,,,,,,,,,,,,,,,,,,,17.190,18.450,18.020,1050408.000,0.052570,18.050,18.180,75692.000,8.000,8.000,17.300,1797.000,0.052570,0.027,0.027,0.015,0.015,0.029
11552,2002/06/18,,11,3,2890,15102010,CELG,CELGENE CORP,,CELG,,Q,A,R,9374,12464,3,2890,15102010,,,,,,,,,,,,,,,,,,,,,,,,,17.630,18.250,17.650,586751.000,-0.020533,17.640,17.660,75692.000,8.000,8.000,18.090,1363.000,-0.020533,0.000,0.000,-0.000,-0.001,0.001
11552,2002/06/19,,11,3,2890,15102010,CELG,CELGENE CORP,,CELG,,Q,A,R,9374,12464,3,2890,15102010,,,,,,,,0.000,,,,,,,,,,,,,1.000,2.000,52.000,10.000,16.650,18.100,16.740,949710.000,-0.051558,16.740,16.770,75692.000,8.000,8.000,17.460,2586.000,-0.051558,-0.016,-0.016,-0.014,-0.015,-0.017
11552,2002/06/20,,11,3,2890,15102010,CELG,CELGENE CORP,,CELG,,Q,A,R,9374,12464,3,2890,15102010,,,,,,,,0.000,,,,,,,,,,,,,1.000,2.000,51.000,10.000,16.010,16.950,16.080,497301.000,-0.039427,16.080,16.110,75692.000,8.000,8.000,16.520,1489.000,-0.039427,-0.013,-0.013,-0.004,-0.004,-0.013
11552,2002/06/21,,11,3,2890,15102010,CELG,CELGENE CORP,,CELG,,Q,A,R,9374,12464,3,2890,15102010,,,,,,,,0.000,,,,,,,,,,,,,1.000,2.000,52.000,10.000,15.910,16.660,16.100,768635.000,0.001244,16.050,16.100,75692.000,8.000,8.000,16.080,1321.000,0.001244,-0.014,-0.014,-0.002,-0.002,-0.017
11552,2002/06/24,,11,3,2890,15102010,CELG,CELGENE CORP,,CELG,,Q,A,R,9374,12464,3,2890,15102010,,,,,,,,0.000,,,,,,,,,,,,,1.000,2.000,51.000,10.000,15.300,16.480,15.560,2082045.000,-0.033540,15.560,15.590,75692.000,8.000,8.000,16.170,2817.000,-0.033540,0.001,0.001,-0.005,-0.005,0.004
11552,2002/06/25,,11,3,2890,15102010,CELG,CELGENE CORP,,CELG,,Q,A,R,9374,12464,3,2890,15102010,,,,,,,,,,,,,,,,,,,,,,,,,14.670,16.050,14.670,1015913.000,-0.057198,14.720,14.730,75692.000,8.000,8.000,15.510,1790.000,-0.057198,-0.015,-0.015,-0.008,-0.008,-0.017
11552,2002/06/26,,11,3,2890,15102010,CELG,CELGENE CORP,,CELG,,Q,A,R,9374,12464,3,2890,15102010,,,,,,,,,,,,,,,,,,,,,,,,,11.320,14.980,14.500,1653347.000,-0.011588,14.460,14.500,75692.000,8.000,8.000,13.425,3717.000,-0.011588,-0.003,-0.004,-0.008,-0.009,-0.003
11552,2002/06/27,,11,3,2890,15102010,CELG,CELGENE CORP,,CELG,,Q,A,R,9374,12464,3,2890,15102010,,,,,,,,0.000,,,,,,,,,,,,,1.000,2.000,52.000,10.000,14.450,15.210,15.200,988172.000,0.048276,15.200,15.210,75692.000,8.000,8.000,14.620,1754.000,0.048276,0.016,0.016,0.012,0.011,0.018
11552,2002/06/28,,11,3,2890,15102010,CELG,CELGENE CORP,,CELG,,Q,A,R,9374,12464,3,2890,15102010,,,,,,,,0.000,,,,,,,,,,,,,1.000,2.000,51.000,10.000,14.950,16.210,15.300,751272.000,0.006579,15.300,15.400,78545.000,8.000,8.000,15.000,1994.000,0.006579,0.002,0.002,0.012,0.012,-0.001
