PERMNO,date,NAMEENDT,SHRCD,EXCHCD,SICCD,NCUSIP,TICKER,COMNAM,SHRCLS,TSYMBOL,NAICS,PRIMEXCH,TRDSTAT,SECSTAT,PERMCO,ISSUNO,HEXCD,HSICCD,CUSIP,DCLRDT,DLAMT,DLPDT,DLSTCD,NEXTDT,PAYDT,RCRDDT,SHRFLG,HSICMG,HSICIG,DISTCD,DIVAMT,FACPR,FACSHR,ACPERM,ACCOMP,NWPERM,DLRETX,DLPRC,DLRET,TRTSCD,NMSIND,MMCNT,NSDINX,BIDLO,ASKHI,PRC,VOL,RET,BID,ASK,SHROUT,CFACPR,CFACSHR,OPENPRC,NUMTRD,RETX,vwretd,vwretx,ewretd,ewretx,sprtrn
10725,2001/01/02,,11,1,6035,16090310,CF,CHARTER ONE FINANCIAL INC,,,,N,A,R,9662,12866,1,6021,16090310,,,,,,,,,,,,,,,,,,,,,,,,,27.625,28.500,27.750,443700.000,-0.038961,,,207876.000,1.103,1.103,28.062,,-0.038961,-0.034,-0.034,-0.001,-0.001,-0.028
10725,2001/01/03,,11,1,6035,16090310,CF,CHARTER ONE FINANCIAL INC,,,,N,A,R,9662,12866,1,6021,16090310,,,,,,,,,,,,,,,,,,,,,,,,,26.625,28.312,28.312,623100.000,0.020270,,,207876.000,1.103,1.103,28.062,,0.020270,0.053,0.053,0.046,0.046,0.050
10725,2001/01/04,,11,1,6035,16090310,CF,CHARTER ONE FINANCIAL INC,,,,N,A,R,9662,12866,1,6021,16090310,,,,,,,,,,,,,,,,,,,,,,,,,28.250,29.500,28.438,1060300.000,0.004415,,,207876.000,1.103,1.103,28.562,,0.004415,-0.012,-0.012,0.011,0.011,-0.011
10725,2001/01/05,,11,1,6035,16090310,CF,CHARTER ONE FINANCIAL INC,,,,N,A,R,9662,12866,1,6021,16090310,,,,,,,,,,,,,,,,,,,,,,,,,27.250,28.375,27.812,585600.000,-0.021978,,,207876.000,1.103,1.103,28.312,,-0.021978,-0.029,-0.029,-0.009,-0.009,-0.026
10725,2001/01/08,,11,1,6035,16090310,CF,CHARTER ONE FINANCIAL INC,,,,N,A,R,9662,12866,1,6021,16090310,,,,,,,,,,,,,,,,,,,,,,,,,27.438,28.000,27.500,315000.000,-0.011236,,,207876.000,1.103,1.103,27.750,,-0.011236,-0.003,-0.004,-0.005,-0.005,-0.002
10725,2001/01/09,,11,1,6035,16090310,CF,CHARTER ONE FINANCIAL INC,,,,N,A,R,9662,12866,1,6021,16090310,,,,,,,,,,,,,,,,,,,,,,,,,26.375,27.750,26.500,342800.000,-0.036364,,,207876.000,1.103,1.103,27.375,,-0.036364,0.005,0.005,0.012,0.012,0.004
10725,2001/01/10,,11,1,6035,16090310,CF,CHARTER ONE FINANCIAL INC,,,,N,A,R,9662,12866,1,6021,16090310,,,,,,,,,,,,,,,,,,,,,,,,,26.375,27.500,27.438,471300.000,0.035377,,,207876.000,1.103,1.103,26.500,,0.035377,0.014,0.014,0.021,0.020,0.010
10725,2001/01/11,,11,1,6035,16090310,CF,CHARTER ONE FINANCIAL INC,,,,N,A,R,9662,12866,1,6021,16090310,,,,,,,,,,,,,,,,,,,,,,,,,26.688,27.500,26.750,259700.000,-0.025057,,,207876.000,1.103,1.103,27.438,,-0.025057,0.015,0.015,0.027,0.027,0.010
10725,2001/01/12,,11,1,6035,16090310,CF,CHARTER ONE FINANCIAL INC,,,,N,A,R,9662,12866,1,6021,16090310,,,,,,,,,,,,,,,,,,,,,,,,,25.500,27.125,26.000,278300.000,-0.028037,,,207876.000,1.103,1.103,27.125,,-0.028037,-0.004,-0.004,0.019,0.019,-0.006
10725,2001/01/16,,11,1,6035,16090310,CF,CHARTER ONE FINANCIAL INC,,,,N,A,R,9662,12866,1,6021,16090310,,,,,,,,,,,,,,,,,,,,,,,,,26.000,27.125,26.812,486800.000,0.031250,,,207876.000,1.103,1.103,26.000,,0.031250,0.006,0.006,0.019,0.019,0.006
10725,2001/01/17,,11,1,6035,16090310,CF,CHARTER ONE FINANCIAL INC,,,,N,A,R,9662,12866,1,6021,16090310,,,,,,,,,,,,,,,,,,,,,,,,,26.750,27.500,27.312,435900.000,0.018648,,,207876.000,1.103,1.103,26.750,,0.018648,0.004,0.004,0.013,0.013,0.002
10725,2001/01/18,,11,1,6035,16090310,CF,CHARTER ONE FINANCIAL INC,,,,N,A,R,9662,12866,1,6021,16090310,,,,,,,,,,,,,,,,,,,,,,,,,26.688,27.375,26.812,431200.000,-0.018307,,,207876.000,1.103,1.103,27.375,,-0.018307,0.012,0.012,0.009,0.008,0.014
10725,2001/01/19,,11,1,6035,16090310,CF,CHARTER ONE FINANCIAL INC,,,,N,A,R,9662,12866,1,6021,16090310,,,,,,,,,,,,,,,,,,,,,,,,,25.750,26.875,25.938,581000.000,-0.032634,,,207876.000,1.103,1.103,26.812,,-0.032634,-0.004,-0.004,0.004,0.004,-0.004
10725,2001/01/22,,11,1,6035,16090310,CF,CHARTER ONE FINANCIAL INC,,,,N,A,R,9662,12866,1,6021,16090310,,,,,,,,,,,,,,,,,,,,,,,,,26.125,27.062,26.938,563700.000,0.038554,,,207876.000,1.103,1.103,26.250,,0.038554,0.000,0.000,0.005,0.005,0.000
10725,2001/01/23,,11,1,6035,16090310,CF,CHARTER ONE FINANCIAL INC,,,,N,A,R,9662,12866,1,6021,16090310,,,,,,,,,,,,,,,,,,,,,,,,,26.125,26.812,26.812,1113200.000,-0.004640,,,207876.000,1.103,1.103,26.812,,-0.004640,0.016,0.016,0.015,0.015,0.013
10725,2001/01/24,,11,1,6035,16090310,CF,CHARTER ONE FINANCIAL INC,,,,N,A,R,9662,12866,1,6021,16090310,,,,,,,,,,,,,,,,,,,,,,,,,26.312,26.812,26.438,466900.000,-0.013986,,,207876.000,1.103,1.103,26.812,,-0.013986,0.003,0.003,0.007,0.007,0.003
10725,2001/01/25,,11,1,6035,16090310,CF,CHARTER ONE FINANCIAL INC,,,,N,A,R,9662,12866,1,6021,16090310,,,,,,,,,,,,,,,,,,,,,,,,,26.500,27.062,26.938,978900.000,0.018913,,,207876.000,1.103,1.103,26.625,,0.018913,-0.008,-0.008,-0.003,-0.003,-0.005
10725,2001/01/26,,11,1,6035,16090310,CF,CHARTER ONE FINANCIAL INC,,,,N,A,R,9662,12866,1,6021,16090310,,,,,,,,,,,,,,,,,,,,,,,,,26.625,27.188,27.125,820800.000,0.006961,,,207876.000,1.103,1.103,27.125,,0.006961,-0.001,-0.001,0.002,0.002,-0.002
10725,2001/01/29,,11,1,6035,16090310,CF,CHARTER ONE FINANCIAL INC,,,,N,A,R,9662,12866,1,6021,16090310,,,,,,,,,,,,,,,,,,,,,,,,,27.100,28.470,28.110,851100.000,0.036313,,,207876.000,1.103,1.103,27.100,,0.036313,0.009,0.009,0.010,0.010,0.007
10725,2001/01/30,,11,1,6035,16090310,CF,CHARTER ONE FINANCIAL INC,,,,N,A,R,9662,12866,1,6021,16090310,,,,,,,,,,,,,,,,,,,,,,,,,27.750,28.490,28.470,855900.000,0.012807,,,207876.000,1.103,1.103,28.200,,0.012807,0.007,0.007,0.010,0.009,0.007
10725,2001/01/31,,11,1,6035,16090310,CF,CHARTER ONE FINANCIAL INC,,,,N,A,R,9662,12866,1,6021,16090310,,,,,,,,0.000,,,,,,,,,,,,,1.000,2.000,0.000,0.000,28.050,28.590,28.240,941600.000,-0.008079,,,207876.000,1.103,1.103,28.500,,-0.008079,-0.007,-0.007,-0.000,-0.000,-0.006
10725,2001/02/01,,11,1,6035,16090310,CF,CHARTER ONE FINANCIAL INC,,,,N,A,R,9662,12866,1,6021,16090310,,,,,,,,,,,,,,,,,,,,,,,,,27.850,28.545,28.250,682800.000,0.000354,,,207876.000,1.103,1.103,28.400,,0.000354,0.004,0.004,0.002,0.002,0.005
10725,2001/02/02,,11,1,6035,16090310,CF,CHARTER ONE FINANCIAL INC,,,,N,A,R,9662,12866,1,6021,16090310,2001/01/23,,,,,2001/02/20,2001/02/06,0.000,,,1232.000,0.180,0.000,0.000,,,,,,,1.000,2.000,0.000,0.000,28.150,28.600,28.280,715100.000,0.007434,,,207876.000,1.103,1.103,28.250,,0.001062,-0.019,-0.019,-0.009,-0.009,-0.017
10725,2001/02/05,,11,1,6035,16090310,CF,CHARTER ONE FINANCIAL INC,,,,N,A,R,9662,12866,1,6021,16090310,,,,,,,,,,,,,,,,,,,,,,,,,28.250,28.600,28.450,324800.000,0.006011,,,207876.000,1.103,1.103,28.350,,0.006011,0.002,0.002,-0.004,-0.004,0.004
10725,2001/02/06,,11,1,6035,16090310,CF,CHARTER ONE FINANCIAL INC,,,,N,A,R,9662,12866,1,6021,16090310,,,,,,,,,,,,,,,,,,,,,,,,,27.600,28.080,27.750,416100.000,-0.024605,,,207876.000,1.103,1.103,28.000,,-0.024605,0.000,0.000,0.002,0.002,-0.002
10725,2001/02/07,,11,1,6035,16090310,CF,CHARTER ONE FINANCIAL INC,,,,N,A,R,9662,12866,1,6021,16090310,,,,,,,,,,,,,,,,,,,,,,,,,27.800,28.310,28.160,432300.000,0.014775,,,207876.000,1.103,1.103,27.800,,0.014775,-0.009,-0.009,-0.004,-0.004,-0.008
10725,2001/02/08,,11,1,6035,16090310,CF,CHARTER ONE FINANCIAL INC,,,,N,A,R,9662,12866,1,6021,16090310,,,,,,,,,,,,,,,,,,,,,,,,,28.190,28.490,28.420,325700.000,0.009233,,,207876.000,1.103,1.103,28.310,,0.009233,-0.006,-0.007,-0.003,-0.003,-0.006
10725,2001/02/09,,11,1,6035,16090310,CF,CHARTER ONE FINANCIAL INC,,,,N,A,R,9662,12866,1,6021,16090310,,,,,,,,,,,,,,,,,,,,,,,,,28.150,28.760,28.500,272200.000,0.002815,,,207876.000,1.103,1.103,28.250,,0.002815,-0.014,-0.014,-0.009,-0.009,-0.013
10725,2001/02/12,,11,1,6035,16090310,CF,CHARTER ONE FINANCIAL INC,,,,N,A,R,9662,12866,1,6021,16090310,,,,,,,,,,,,,,,,,,,,,,,,,28.400,28.980,28.830,531500.000,0.011579,,,207876.000,1.103,1.103,28.500,,0.011579,0.010,0.010,0.005,0.005,0.012
10725,2001/02/13,,11,1,6035,16090310,CF,CHARTER ONE FINANCIAL INC,,,,N,A,R,9662,12866,1,6021,16090310,,,,,,,,,,,,,,,,,,,,,,,,,28.990,29.990,29.090,2236100.000,0.009018,,,207876.000,1.103,1.103,29.000,,0.009018,-0.009,-0.009,-0.003,-0.004,-0.009
10725,2001/02/14,,11,1,6035,16090310,CF,CHARTER ONE FINANCIAL INC,,,,N,A,R,9662,12866,1,6021,16090310,,,,,,,,,,,,,,,,,,,,,,,,,28.750,29.170,29.060,647800.000,-0.001031,,,207876.000,1.103,1.103,29.100,,-0.001031,-0.000,-0.000,-0.000,-0.001,-0.002
10725,2001/02/15,,11,1,6035,16090310,CF,CHARTER ONE FINANCIAL INC,,,,N,A,R,9662,12866,1,6021,16090310,,,,,,,,,,,,,,,,,,,,,,,,,28.800,29.110,29.040,489800.000,-0.000688,,,207876.000,1.103,1.103,28.850,,-0.000688,0.009,0.009,0.009,0.009,0.008
10725,2001/02/16,,11,1,6035,16090310,CF,CHARTER ONE FINANCIAL INC,,,,N,A,R,9662,12866,1,6021,16090310,,,,,,,,,,,,,,,,,,,,,,,,,28.860,29.520,29.270,493800.000,0.007920,,,207876.000,1.103,1.103,29.000,,0.007920,-0.021,-0.021,-0.014,-0.014,-0.019
10725,2001/02/20,,11,1,6035,16090310,CF,CHARTER ONE FINANCIAL INC,,,,N,A,R,9662,12866,1,6021,16090310,,,,,,,,,,,,,,,,,,,,,,,,,28.510,29.450,28.830,736200.000,-0.015032,,,207876.000,1.103,1.103,29.400,,-0.015032,-0.019,-0.019,-0.012,-0.012,-0.017
10725,2001/02/21,,11,1,6035,16090310,CF,CHARTER ONE FINANCIAL INC,,,,N,A,R,9662,12866,1,6021,16090310,,,,,,,,,,,,,,,,,,,,,,,,,28.450,28.880,28.460,418100.000,-0.012834,,,207876.000,1.103,1.103,28.840,,-0.012834,-0.018,-0.018,-0.016,-0.016,-0.019
10725,2001/02/22,,11,1,6035,16090310,CF,CHARTER ONE FINANCIAL INC,,,,N,A,R,9662,12866,1,6021,16090310,,,,,,,,,,,,,,,,,,,,,,,,,27.230,28.370,28.210,449600.000,-0.008784,,,207876.000,1.103,1.103,28.250,,-0.008784,-0.005,-0.005,-0.011,-0.011,-0.002
10725,2001/02/23,,11,1,6035,16090310,CF,CHARTER ONE FINANCIAL INC,,,,N,A,R,9662,12866,1,6021,16090310,,,,,,,,,,,,,,,,,,,,,,,,,28.010,28.620,28.510,559000.000,0.010635,,,207876.000,1.103,1.103,28.420,,0.010635,-0.004,-0.004,-0.003,-0.003,-0.006
10725,2001/02/26,,11,1,6035,16090310,CF,CHARTER ONE FINANCIAL INC,,,,N,A,R,9662,12866,1,6021,16090310,,,,,,,,,,,,,,,,,,,,,,,,,28.040,28.870,28.700,846000.000,0.006664,,,207876.000,1.103,1.103,28.750,,0.006664,0.019,0.019,0.016,0.016,0.017
10725,2001/02/27,,11,1,6035,16090310,CF,CHARTER ONE FINANCIAL INC,,,,N,A,R,9662,12866,1,6021,16090310,,,,,,,,,,,,,,,,,,,,,,,,,28.400,29.030,28.570,496200.000,-0.004530,,,207876.000,1.103,1.103,28.980,,-0.004530,-0.012,-0.012,-0.012,-0.012,-0.008
10725,2001/02/28,,11,1,6035,16090310,CF,CHARTER ONE FINANCIAL INC,,,,N,A,R,9662,12866,1,6021,16090310,,,,,,,,0.000,,,,,,,,,,,,,1.000,2.000,0.000,0.000,27.920,28.720,28.560,718600.000,-0.000350,,,207876.000,1.103,1.103,28.650,,-0.000350,-0.014,-0.014,-0.008,-0.008,-0.014
10725,2001/03/01,,11,1,6035,16090310,CF,CHARTER ONE FINANCIAL INC,,,,N,A,R,9662,12866,1,6021,16090310,,,,,,,,,,,,,,,,,,,,,,,,,27.980,29.040,29.030,641300.000,0.016457,,,207876.000,1.103,1.103,28.750,,0.016457,0.000,0.000,-0.006,-0.006,0.001
10725,2001/03/02,,11,1,6035,16090310,CF,CHARTER ONE FINANCIAL INC,,,,N,A,R,9662,12866,1,6021,16090310,,,,,,,,,,,,,,,,,,,,,,,,,29.030,29.750,29.620,633400.000,0.020324,,,207876.000,1.103,1.103,29.030,,0.020324,-0.005,-0.005,0.005,0.005,-0.006
10725,2001/03/05,,11,1,6035,16090310,CF,CHARTER ONE FINANCIAL INC,,,,N,A,R,9662,12866,1,6021,16090310,,,,,,,,,,,,,,,,,,,,,,,,,29.010,29.550,29.300,323300.000,-0.010804,,,207876.000,1.103,1.103,29.420,,-0.010804,0.005,0.005,0.002,0.002,0.006
10725,2001/03/06,,11,1,6035,16090310,CF,CHARTER ONE FINANCIAL INC,,,,N,A,R,9662,12866,1,6021,16090310,,,,,,,,,,,,,,,,,,,,,,,,,28.670,29.550,29.010,400900.000,-0.009898,,,207876.000,1.103,1.103,29.080,,-0.009898,0.011,0.011,0.010,0.010,0.010
10725,2001/03/07,,11,1,6035,16090310,CF,CHARTER ONE FINANCIAL INC,,,,N,A,R,9662,12866,1,6021,16090310,,,,,,,,,,,,,,,,,,,,,,,,,28.890,29.460,29.460,477900.000,0.015512,,,207876.000,1.103,1.103,29.000,,0.015512,0.006,0.006,0.006,0.005,0.006
10725,2001/03/08,,11,1,6035,16090310,CF,CHARTER ONE FINANCIAL INC,,,,N,A,R,9662,12866,1,6021,16090310,,,,,,,,,,,,,,,,,,,,,,,,,29.380,29.880,29.880,457900.000,0.014257,,,207876.000,1.103,1.103,29.750,,0.014257,-0.001,-0.001,-0.004,-0.004,0.002
10725,2001/03/09,,11,1,6035,16090310,CF,CHARTER ONE FINANCIAL INC,,,,N,A,R,9662,12866,1,6021,16090310,,,,,,,,,,,,,,,,,,,,,,,,,29.380,29.800,29.610,251400.000,-0.009036,,,207876.000,1.103,1.103,29.800,,-0.009036,-0.024,-0.024,-0.015,-0.015,-0.025
10725,2001/03/12,,11,1,6035,16090310,CF,CHARTER ONE FINANCIAL INC,,,,N,A,R,9662,12866,1,6021,16090310,,,,,,,,,,,,,,,,,,,,,,,,,28.250,29.460,28.310,412400.000,-0.043904,,,207876.000,1.103,1.103,29.450,,-0.043904,-0.042,-0.042,-0.031,-0.031,-0.043
10725,2001/03/13,,11,1,6035,16090310,CF,CHARTER ONE FINANCIAL INC,,,,N,A,R,9662,12866,1,6021,16090310,,,,,,,,,,,,,,,,,,,,,,,,,28.010,28.900,28.810,331300.000,0.017662,,,207876.000,1.103,1.103,28.310,,0.017662,0.015,0.015,0.005,0.005,0.015
10725,2001/03/14,,11,1,6035,16090310,CF,CHARTER ONE FINANCIAL INC,,,,N,A,R,9662,12866,1,6021,16090310,,,,,,,,,,,,,,,,,,,,,,,,,27.180,28.300,27.490,543100.000,-0.045817,,,207876.000,1.103,1.103,27.800,,-0.045817,-0.025,-0.025,-0.018,-0.018,-0.026
10725,2001/03/15,,11,1,6035,16090310,CF,CHARTER ONE FINANCIAL INC,,,,N,A,R,9662,12866,1,6021,16090310,,,,,,,,,,,,,,,,,,,,,,,,,27.500,28.190,28.190,566800.000,0.025464,,,207876.000,1.103,1.103,27.950,,0.025464,0.003,0.003,-0.000,-0.000,0.006
10725,2001/03/16,,11,1,6035,16090310,CF,CHARTER ONE FINANCIAL INC,,,,N,A,R,9662,12866,1,6021,16090310,,,,,,,,,,,,,,,,,,,,,,,,,27.400,28.090,27.930,1132700.000,-0.009223,,,207876.000,1.103,1.103,27.400,,-0.009223,-0.021,-0.021,-0.018,-0.018,-0.020
10725,2001/03/19,,11,1,6035,16090310,CF,CHARTER ONE FINANCIAL INC,,,,N,A,R,9662,12866,1,6021,16090310,,,,,,,,,,,,,,,,,,,,,,,,,27.440,28.380,28.340,581400.000,0.014680,,,207876.000,1.103,1.103,28.300,,0.014680,0.019,0.019,0.009,0.009,0.018
10725,2001/03/20,,11,1,6035,16090310,CF,CHARTER ONE FINANCIAL INC,,,,N,A,R,9662,12866,1,6021,16090310,,,,,,,,,,,,,,,,,,,,,,,,,27.900,29.350,28.200,774700.000,-0.004940,,,207876.000,1.103,1.103,28.250,,-0.004940,-0.023,-0.023,-0.008,-0.009,-0.024
10725,2001/03/21,,11,1,6035,16090310,CF,CHARTER ONE FINANCIAL INC,,,,N,A,R,9662,12866,1,6021,16090310,,,,,,,,,,,,,,,,,,,,,,,,,25.650,27.470,25.800,1936300.000,-0.085106,,,207876.000,1.103,1.103,27.050,,-0.085106,-0.019,-0.019,-0.016,-0.016,-0.018
10725,2001/03/22,,11,1,6035,16090310,CF,CHARTER ONE FINANCIAL INC,,,,N,A,R,9662,12866,1,6021,16090310,,,,,,,,,,,,,,,,,,,,,,,,,25.400,27.750,25.750,2124900.000,-0.001938,,,207876.000,1.103,1.103,27.750,,-0.001938,-0.004,-0.005,-0.011,-0.011,-0.004
10725,2001/03/23,,11,1,6035,16090310,CF,CHARTER ONE FINANCIAL INC,,,,N,A,R,9662,12866,1,6021,16090310,,,,,,,,,,,,,,,,,,,,,,,,,25.950,27.500,26.940,814300.000,0.046214,,,207876.000,1.103,1.103,26.000,,0.046214,0.020,0.020,0.021,0.021,0.020
10725,2001/03/26,,11,1,6035,16090310,CF,CHARTER ONE FINANCIAL INC,,,,N,A,R,9662,12866,1,6021,16090310,,,,,,,,,,,,,,,,,,,,,,,,,26.950,27.620,27.040,526000.000,0.003712,,,207876.000,1.103,1.103,27.180,,0.003712,0.011,0.011,0.007,0.007,0.011
10725,2001/03/27,,11,1,6035,16090310,CF,CHARTER ONE FINANCIAL INC,,,,N,A,R,9662,12866,1,6021,16090310,,,,,,,,,,,,,,,,,,,,,,,,,26.750,27.600,27.520,1155600.000,0.017751,,,207876.000,1.103,1.103,27.000,,0.017751,0.023,0.023,0.009,0.009,0.026
10725,2001/03/28,,11,1,6035,16090310,CF,CHARTER ONE FINANCIAL INC,,,,N,A,R,9662,12866,1,6021,16090310,,,,,,,,,,,,,,,,,,,,,,,,,27.200,27.700,27.500,742400.000,-0.000727,,,207876.000,1.103,1.103,27.350,,-0.000727,-0.026,-0.026,-0.018,-0.018,-0.024
10725,2001/03/29,,11,1,6035,16090310,CF,CHARTER ONE FINANCIAL INC,,,,N,A,R,9662,12866,1,6021,16090310,,,,,,,,,,,,,,,,,,,,,,,,,27.450,28.270,28.090,1116700.000,0.021455,,,207876.000,1.103,1.103,27.500,,0.021455,-0.005,-0.005,-0.007,-0.007,-0.005
10725,2001/03/30,,11,1,6035,16090310,CF,CHARTER ONE FINANCIAL INC,,,,N,A,R,9662,12866,1,6021,16090310,,,,,,,,0.000,,,,,,,,,,,,,1.000,2.000,0.000,0.000,27.880,28.490,28.300,753500.000,0.007476,,,208534.000,1.103,1.103,28.100,,0.007476,0.012,0.012,0.016,0.016,0.011
10725,2001/04/02,,11,1,6035,16090310,CF,CHARTER ONE FINANCIAL INC,,,,N,A,R,9662,12866,1,6021,16090310,,,,,,,,,,,,,,,,,,,,,,,,,27.800,28.890,28.000,743600.000,-0.010601,,,208534.000,1.103,1.103,28.300,,-0.010601,-0.016,-0.016,-0.021,-0.021,-0.012
10725,2001/04/03,,11,1,6035,16090310,CF,CHARTER ONE FINANCIAL INC,,,,N,A,R,9662,12866,1,6021,16090310,,,,,,,,,,,,,,,,,,,,,,,,,27.160,28.250,27.190,632400.000,-0.028929,,,208534.000,1.103,1.103,28.250,,-0.028929,-0.036,-0.036,-0.034,-0.034,-0.034
10725,2001/04/04,,11,1,6035,16090310,CF,CHARTER ONE FINANCIAL INC,,,,N,A,R,9662,12866,1,6021,16090310,,,,,,,,,,,,,,,,,,,,,,,,,26.240,27.180,26.490,605300.000,-0.025745,,,208534.000,1.103,1.103,27.180,,-0.025745,-0.003,-0.003,-0.008,-0.008,-0.003
10725,2001/04/05,,11,1,6035,16090310,CF,CHARTER ONE FINANCIAL INC,,,,N,A,R,9662,12866,1,6021,16090310,,,,,,,,,,,,,,,,,,,,,,,,,26.570,27.400,27.280,750600.000,0.029823,,,208534.000,1.103,1.103,26.570,,0.029823,0.046,0.046,0.039,0.039,0.044
10725,2001/04/06,,11,1,6035,16090310,CF,CHARTER ONE FINANCIAL INC,,,,N,A,R,9662,12866,1,6021,16090310,,,,,,,,,,,,,,,,,,,,,,,,,26.560,27.500,26.810,812900.000,-0.017229,,,208534.000,1.103,1.103,27.100,,-0.017229,-0.020,-0.020,-0.013,-0.013,-0.020
10725,2001/04/09,,11,1,6035,16090310,CF,CHARTER ONE FINANCIAL INC,,,,N,A,R,9662,12866,1,6021,16090310,,,,,,,,,,,,,,,,,,,,,,,,,26.750,27.540,27.230,410800.000,0.015666,,,208534.000,1.103,1.103,27.000,,0.015666,0.009,0.009,0.006,0.006,0.008
10725,2001/04/10,,11,1,6035,16090310,CF,CHARTER ONE FINANCIAL INC,,,,N,A,R,9662,12866,1,6021,16090310,,,,,,,,,,,,,,,,,,,,,,,,,27.050,27.590,27.390,609400.000,0.005876,,,208534.000,1.103,1.103,27.050,,0.005876,0.029,0.029,0.023,0.023,0.027
10725,2001/04/11,,11,1,6035,16090310,CF,CHARTER ONE FINANCIAL INC,,,,N,A,R,9662,12866,1,6021,16090310,,,,,,,,,,,,,,,,,,,,,,,,,27.100,27.650,27.210,595800.000,-0.006572,,,208534.000,1.103,1.103,27.600,,-0.006572,-0.001,-0.001,0.007,0.007,-0.002
10725,2001/04/12,,11,1,6035,16090310,CF,CHARTER ONE FINANCIAL INC,,,,N,A,R,9662,12866,1,6021,16090310,,,,,,,,,,,,,,,,,,,,,,,,,26.810,27.320,26.970,623000.000,-0.008820,,,208534.000,1.103,1.103,27.230,,-0.008820,0.016,0.016,0.015,0.015,0.015
10725,2001/04/16,,11,1,6035,16090310,CF,CHARTER ONE FINANCIAL INC,,,,N,A,R,9662,12866,1,6021,16090310,,,,,,,,,,,,,,,,,,,,,,,,,26.400,27.350,26.740,522500.000,-0.008528,,,208534.000,1.103,1.103,27.100,,-0.008528,-0.005,-0.005,-0.004,-0.004,-0.003
10725,2001/04/17,,11,1,6035,16090310,CF,CHARTER ONE FINANCIAL INC,,,,N,A,R,9662,12866,1,6021,16090310,,,,,,,,,,,,,,,,,,,,,,,,,26.560,27.000,26.980,516200.000,0.008975,,,208534.000,1.103,1.103,26.650,,0.008975,0.010,0.010,0.005,0.005,0.010
10725,2001/04/18,,11,1,6035,16090310,CF,CHARTER ONE FINANCIAL INC,,,,N,A,R,9662,12866,1,6021,16090310,,,,,,,,,,,,,,,,,,,,,,,,,26.900,28.120,27.810,1234300.000,0.030764,,,208534.000,1.103,1.103,27.000,,0.030764,0.040,0.040,0.029,0.029,0.039
10725,2001/04/19,,11,1,6035,16090310,CF,CHARTER ONE FINANCIAL INC,,,,N,A,R,9662,12866,1,6021,16090310,,,,,,,,,,,,,,,,,,,,,,,,,27.410,27.970,27.760,1041600.000,-0.001798,,,208534.000,1.103,1.103,27.600,,-0.001798,0.015,0.015,0.016,0.016,0.013
10725,2001/04/20,,11,1,6035,16090310,CF,CHARTER ONE FINANCIAL INC,,,,N,A,R,9662,12866,1,6021,16090310,,,,,,,,,,,,,,,,,,,,,,,,,27.510,28.500,27.640,1916500.000,-0.004323,,,208534.000,1.103,1.103,28.000,,-0.004323,-0.008,-0.008,0.001,0.001,-0.009
10725,2001/04/23,,11,1,6035,16090310,CF,CHARTER ONE FINANCIAL INC,,,,N,A,R,9662,12866,1,6021,16090310,,,,,,,,,,,,,,,,,,,,,,,,,27.350,27.750,27.490,672500.000,-0.005427,,,208534.000,1.103,1.103,27.750,,-0.005427,-0.017,-0.017,-0.008,-0.008,-0.015
10725,2001/04/24,,11,1,6035,16090310,CF,CHARTER ONE FINANCIAL INC,,,,N,A,R,9662,12866,1,6021,16090310,,,,,,,,,,,,,,,,,,,,,,,,,27.650,28.330,27.930,1242700.000,0.016006,,,208534.000,1.103,1.103,27.730,,0.016006,-0.011,-0.011,0.002,0.002,-0.012
10725,2001/04/25,,11,1,6035,16090310,CF,CHARTER ONE FINANCIAL INC,,,,N,A,R,9662,12866,1,6021,16090310,,,,,,,,,,,,,,,,,,,,,,,,,27.800,28.750,28.600,1316200.000,0.023989,,,208534.000,1.103,1.103,28.100,,0.023989,0.016,0.016,0.012,0.011,0.016
10725,2001/04/26,,11,1,6035,16090310,CF,CHARTER ONE FINANCIAL INC,,,,N,A,R,9662,12866,1,6021,16090310,,,,,,,,,,,,,,,,,,,,,,,,,28.500,29.050,28.560,1643500.000,-0.001399,,,208534.000,1.103,1.103,28.600,,-0.001399,0.005,0.005,0.008,0.007,0.005
10725,2001/04/27,,11,1,6035,16090310,CF,CHARTER ONE FINANCIAL INC,,,,N,A,R,9662,12866,1,6021,16090310,,,,,,,,,,,,,,,,,,,,,,,,,28.800,29.340,29.220,806600.000,0.023109,,,208534.000,1.103,1.103,28.800,,0.023109,0.014,0.014,0.011,0.011,0.015
10725,2001/04/30,,11,1,6035,16090310,CF,CHARTER ONE FINANCIAL INC,,,,N,A,R,9662,12866,1,6021,16090310,,,,,,,,0.000,,,,,,,,,,,,,1.000,2.000,0.000,0.000,28.920,29.550,29.300,1032000.000,0.002738,,,208534.000,1.103,1.103,29.050,,0.002738,0.001,0.001,0.010,0.010,-0.003
10725,2001/05/01,,11,1,6035,16090310,CF,CHARTER ONE FINANCIAL INC,,,,N,A,R,9662,12866,1,6021,16090310,,,,,,,,,,,,,,,,,,,,,,,,,28.970,29.450,29.250,499800.000,-0.001706,,,208534.000,1.103,1.103,29.050,,-0.001706,0.013,0.013,0.010,0.010,0.014
10725,2001/05/02,,11,1,6035,16090310,CF,CHARTER ONE FINANCIAL INC,,,,N,A,R,9662,12866,1,6021,16090310,,,,,,,,,,,,,,,,,,,,,,,,,29.090,29.340,29.300,625700.000,0.001709,,,208534.000,1.103,1.103,29.330,,0.001709,0.003,0.003,0.012,0.012,0.001
10725,2001/05/03,,11,1,6035,16090310,CF,CHARTER ONE FINANCIAL INC,,,,N,A,R,9662,12866,1,6021,16090310,2001/04/18,,,,,2001/05/21,2001/05/07,0.000,,,1232.000,0.200,0.000,0.000,,,,,,,1.000,2.000,0.000,0.000,28.700,29.000,29.000,1058500.000,-0.003413,,,208534.000,1.103,1.103,28.700,,-0.010239,-0.015,-0.015,-0.005,-0.006,-0.015
10725,2001/05/04,,11,1,6035,16090310,CF,CHARTER ONE FINANCIAL INC,,,,N,A,R,9662,12866,1,6021,16090310,,,,,,,,,,,,,,,,,,,,,,,,,28.910,29.050,29.020,593300.000,0.000690,,,208534.000,1.103,1.103,29.000,,0.000690,0.014,0.014,0.011,0.011,0.014
10725,2001/05/07,,11,1,6035,16090310,CF,CHARTER ONE FINANCIAL INC,,,,N,A,R,9662,12866,1,6021,16090310,,,,,,,,,,,,,,,,,,,,,,,,,28.970,29.400,29.140,601500.000,0.004135,,,208534.000,1.103,1.103,29.200,,0.004135,-0.003,-0.003,0.001,0.001,-0.002
10725,2001/05/08,,11,1,6035,16090310,CF,CHARTER ONE FINANCIAL INC,,,,N,A,R,9662,12866,1,6021,16090310,,,,,,,,,,,,,,,,,,,,,,,,,28.750,29.350,28.830,677500.000,-0.010638,,,208534.000,1.103,1.103,29.050,,-0.010638,-0.001,-0.001,0.005,0.005,-0.002
10725,2001/05/09,,11,1,6035,16090310,CF,CHARTER ONE FINANCIAL INC,,,,N,A,R,9662,12866,1,6021,16090310,,,,,,,,,,,,,,,,,,,,,,,,,28.700,29.210,29.200,631200.000,0.012834,,,208534.000,1.103,1.103,28.700,,0.012834,-0.004,-0.004,0.001,0.001,-0.004
10725,2001/05/10,,11,1,6035,16090310,CF,CHARTER ONE FINANCIAL INC,,,,N,A,R,9662,12866,1,6021,16090310,,,,,,,,,,,,,,,,,,,,,,,,,29.210,29.680,29.240,620300.000,0.001370,,,208534.000,1.103,1.103,29.680,,0.001370,-0.000,-0.001,0.003,0.003,-0.000
10725,2001/05/11,,11,1,6035,16090310,CF,CHARTER ONE FINANCIAL INC,,,,N,A,R,9662,12866,1,6021,16090310,,,,,,,,,,,,,,,,,,,,,,,,,28.870,29.490,28.960,495500.000,-0.009576,,,208534.000,1.103,1.103,29.250,,-0.009576,-0.008,-0.008,-0.002,-0.002,-0.008
10725,2001/05/14,,11,1,6035,16090310,CF,CHARTER ONE FINANCIAL INC,,,,N,A,R,9662,12866,1,6021,16090310,,,,,,,,,,,,,,,,,,,,,,,,,28.800,29.290,29.260,293100.000,0.010359,,,208534.000,1.103,1.103,28.800,,0.010359,0.001,0.001,-0.003,-0.003,0.003
10725,2001/05/15,,11,1,6035,16090310,CF,CHARTER ONE FINANCIAL INC,,,,N,A,R,9662,12866,1,6021,16090310,,,,,,,,,,,,,,,,,,,,,,,,,29.010,29.430,29.230,412700.000,-0.001025,,,208534.000,1.103,1.103,29.150,,-0.001025,0.001,0.001,0.004,0.004,0.000
10725,2001/05/16,,11,1,6035,16090310,CF,CHARTER ONE FINANCIAL INC,,,,N,A,R,9662,12866,1,6021,16090310,,,,,,,,,,,,,,,,,,,,,,,,,29.140,30.120,30.000,1438700.000,0.026343,,,208534.000,1.103,1.103,29.230,,0.026343,0.027,0.027,0.010,0.010,0.028
10725,2001/05/17,,11,1,6035,16090310,CF,CHARTER ONE FINANCIAL INC,,,,N,A,R,9662,12866,1,6021,16090310,,,,,,,,,,,,,,,,,,,,,,,,,29.850,30.320,30.200,1086100.000,0.006667,,,208534.000,1.103,1.103,30.000,,0.006667,0.006,0.006,0.011,0.010,0.003
10725,2001/05/18,,11,1,6035,16090310,CF,CHARTER ONE FINANCIAL INC,,,,N,A,R,9662,12866,1,6021,16090310,,,,,,,,,,,,,,,,,,,,,,,,,29.900,30.200,30.000,399600.000,-0.006623,,,208534.000,1.103,1.103,30.050,,-0.006623,0.003,0.003,0.005,0.005,0.003
10725,2001/05/21,,11,1,6035,16090310,CF,CHARTER ONE FINANCIAL INC,,,,N,A,R,9662,12866,1,6021,16090310,,,,,,,,,,,,,,,,,,,,,,,,,29.760,30.190,29.850,710000.000,-0.005000,29.740,29.960,208534.000,1.103,1.103,30.050,,-0.005000,0.019,0.019,0.016,0.016,0.016
10725,2001/05/22,,11,1,6035,16090310,CF,CHARTER ONE FINANCIAL INC,,,,N,A,R,9662,12866,1,6021,16090310,,,,,,,,,,,,,,,,,,,,,,,,,29.830,31.110,30.620,1592900.000,0.025796,30.450,30.900,208534.000,1.103,1.103,29.860,,0.025796,-0.002,-0.002,0.007,0.007,-0.003
10725,2001/05/23,,11,1,6035,16090310,CF,CHARTER ONE FINANCIAL INC,,,,N,A,R,9662,12866,1,6021,16090310,,,,,,,,,,,,,,,,,,,,,,,,,30.050,31.300,30.220,1530300.000,-0.013063,30.000,30.470,208534.000,1.103,1.103,30.620,,-0.013063,-0.017,-0.017,-0.007,-0.007,-0.016
10725,2001/05/24,,11,1,6035,16090310,CF,CHARTER ONE FINANCIAL INC,,,,N,A,R,9662,12866,1,6021,16090310,,,,,,,,,,,,,,,,,,,,,,,,,30.000,31.000,30.420,819900.000,0.006618,30.300,30.540,208534.000,1.103,1.103,30.500,,0.006618,0.004,0.004,0.006,0.005,0.003
10725,2001/05/25,,11,1,6035,16090310,CF,CHARTER ONE FINANCIAL INC,,,,N,A,R,9662,12866,1,6021,16090310,,,,,,,,,,,,,,,,,,,,,,,,,30.030,30.520,30.150,421400.000,-0.008876,30.050,30.270,208534.000,1.103,1.103,30.250,,-0.008876,-0.010,-0.010,0.003,0.003,-0.012
10725,2001/05/29,,11,1,6035,16090310,CF,CHARTER ONE FINANCIAL INC,,,,N,A,R,9662,12866,1,6021,16090310,,,,,,,,,,,,,,,,,,,,,,,,,29.900,30.340,30.070,363300.000,-0.002653,29.980,30.200,208534.000,1.103,1.103,30.000,,-0.002653,-0.010,-0.010,-0.008,-0.008,-0.008
10725,2001/05/30,,11,1,6035,16090310,CF,CHARTER ONE FINANCIAL INC,,,,N,A,R,9662,12866,1,6021,16090310,,,,,,,,,,,,,,,,,,,,,,,,,29.720,30.240,29.830,345000.000,-0.007981,29.700,29.940,208534.000,1.103,1.103,29.950,,-0.007981,-0.018,-0.018,-0.016,-0.016,-0.016
10725,2001/05/31,,11,1,6035,16090310,CF,CHARTER ONE FINANCIAL INC,,,,N,A,R,9662,12866,1,6021,16090310,,,,,,,,0.000,,,,,,,,,,,,,1.000,2.000,0.000,0.000,29.620,30.280,30.250,478100.000,0.014080,30.100,30.360,206722.000,1.103,1.103,29.680,,0.014080,0.008,0.008,0.007,0.007,0.006
10725,2001/06/01,,11,1,6035,16090310,CF,CHARTER ONE FINANCIAL INC,,,,N,A,R,9662,12866,1,6021,16090310,,,,,,,,,,,,,,,,,,,,,,,,,29.860,30.250,30.210,494500.000,-0.001322,30.100,30.330,206722.000,1.103,1.103,30.240,,-0.001322,0.005,0.005,0.006,0.006,0.004
10725,2001/06/04,,11,1,6035,16090310,CF,CHARTER ONE FINANCIAL INC,,,,N,A,R,9662,12866,1,6021,16090310,,,,,,,,,,,,,,,,,,,,,,,,,30.000,30.450,30.420,196700.000,0.006951,30.310,30.550,206722.000,1.103,1.103,30.000,,0.006951,0.005,0.005,0.005,0.005,0.005
10725,2001/06/05,,11,1,6035,16090310,CF,CHARTER ONE FINANCIAL INC,,,,N,A,R,9662,12866,1,6021,16090310,,,,,,,,,,,,,,,,,,,,,,,,,30.200,30.580,30.530,841000.000,0.003616,30.520,30.590,206722.000,1.103,1.103,30.200,,0.003616,0.014,0.014,0.012,0.012,0.013
10725,2001/06/06,,11,1,6035,16090310,CF,CHARTER ONE FINANCIAL INC,,,,N,A,R,9662,12866,1,6021,16090310,,,,,,,,,,,,,,,,,,,,,,,,,30.450,30.640,30.610,617800.000,0.002620,30.510,30.720,206722.000,1.103,1.103,30.530,,0.002620,-0.009,-0.010,-0.003,-0.003,-0.011
10725,2001/06/07,,11,1,6035,16090310,CF,CHARTER ONE FINANCIAL INC,,,,N,A,R,9662,12866,1,6021,16090310,,,,,,,,,,,,,,,,,,,,,,,,,30.400,30.640,30.530,318100.000,-0.002614,30.420,30.660,206722.000,1.103,1.103,30.620,,-0.002614,0.005,0.005,0.005,0.005,0.005
10725,2001/06/08,,11,1,6035,16090310,CF,CHARTER ONE FINANCIAL INC,,,,N,A,R,9662,12866,1,6021,16090310,,,,,,,,,,,,,,,,,,,,,,,,,30.390,30.740,30.530,317800.000,0.000000,30.410,30.640,206722.000,1.103,1.103,30.500,,0.000000,-0.010,-0.010,-0.002,-0.002,-0.009
10725,2001/06/11,,11,1,6035,16090310,CF,CHARTER ONE FINANCIAL INC,,,,N,A,R,9662,12866,1,6021,16090310,,,,,,,,,,,,,,,,,,,,,,,,,30.500,30.970,30.530,504400.000,0.000000,30.470,30.550,206722.000,1.103,1.103,30.800,,0.000000,-0.010,-0.010,-0.006,-0.006,-0.008
10725,2001/06/12,,11,1,6035,16090310,CF,CHARTER ONE FINANCIAL INC,,,,N,A,R,9662,12866,1,6021,16090310,,,,,,,,,,,,,,,,,,,,,,,,,29.960,30.770,30.300,378900.000,-0.007534,30.190,30.400,206722.000,1.103,1.103,30.770,,-0.007534,0.000,0.000,-0.001,-0.001,0.001
10725,2001/06/13,,11,1,6035,16090310,CF,CHARTER ONE FINANCIAL INC,,,,N,A,R,9662,12866,1,6021,16090310,,,,,,,,,,,,,,,,,,,,,,,,,30.000,30.490,30.320,426500.000,0.000660,30.210,30.500,206722.000,1.103,1.103,30.000,,0.000660,-0.010,-0.010,-0.002,-0.003,-0.011
10725,2001/06/14,,11,1,6035,16090310,CF,CHARTER ONE FINANCIAL INC,,,,N,A,R,9662,12866,1,6021,16090310,,,,,,,,,,,,,,,,,,,,,,,,,29.820,30.330,29.900,722800.000,-0.013852,29.880,29.950,206722.000,1.103,1.103,30.330,,-0.013852,-0.019,-0.019,-0.015,-0.015,-0.018
10725,2001/06/15,,11,1,6035,16090310,CF,CHARTER ONE FINANCIAL INC,,,,N,A,R,9662,12866,1,6021,16090310,,,,,,,,,,,,,,,,,,,,,,,,,29.600,30.240,29.880,969000.000,-0.000669,29.880,29.900,206722.000,1.103,1.103,29.600,,-0.000669,-0.005,-0.005,-0.005,-0.005,-0.005
10725,2001/06/18,,11,1,6035,16090310,CF,CHARTER ONE FINANCIAL INC,,,,N,A,R,9662,12866,1,6021,16090310,,,,,,,,,,,,,,,,,,,,,,,,,29.760,30.320,30.200,342800.000,0.010710,30.100,30.310,206722.000,1.103,1.103,29.800,,0.010710,-0.007,-0.007,-0.013,-0.013,-0.005
10725,2001/06/19,,11,1,6035,16090310,CF,CHARTER ONE FINANCIAL INC,,,,N,A,R,9662,12866,1,6021,16090310,,,,,,,,,,,,,,,,,,,,,,,,,30.360,30.830,30.700,639800.000,0.016556,30.600,30.810,206722.000,1.103,1.103,30.480,,0.016556,0.002,0.002,-0.006,-0.006,0.003
10725,2001/06/20,,11,1,6035,16090310,CF,CHARTER ONE FINANCIAL INC,,,,N,A,R,9662,12866,1,6021,16090310,,,,,,,,,,,,,,,,,,,,,,,,,30.400,31.440,31.280,1066700.000,0.018893,31.180,31.400,206722.000,1.103,1.103,30.400,,0.018893,0.010,0.010,0.001,0.001,0.009
10725,2001/06/21,,11,1,6035,16090310,CF,CHARTER ONE FINANCIAL INC,,,,N,A,R,9662,12866,1,6021,16090310,,,,,,,,,,,,,,,,,,,,,,,,,31.250,31.980,31.800,824100.000,0.016624,31.710,31.930,206722.000,1.103,1.103,31.280,,0.016624,0.010,0.010,0.004,0.004,0.011
10725,2001/06/22,,11,1,6035,16090310,CF,CHARTER ONE FINANCIAL INC,,,,N,A,R,9662,12866,1,6021,16090310,,,,,,,,,,,,,,,,,,,,,,,,,31.250,31.970,31.350,459200.000,-0.014151,31.330,31.360,206722.000,1.103,1.103,31.800,,-0.014151,-0.009,-0.009,-0.002,-0.003,-0.009
10725,2001/06/25,,11,1,6035,16090310,CF,CHARTER ONE FINANCIAL INC,,,,N,A,R,9662,12866,1,6021,16090310,,,,,,,,,,,,,,,,,,,,,,,,,31.000,31.850,31.090,547100.000,-0.008293,30.970,31.190,206722.000,1.103,1.103,31.350,,-0.008293,-0.005,-0.005,-0.000,-0.000,-0.006
10725,2001/06/26,,11,1,6035,16090310,CF,CHARTER ONE FINANCIAL INC,,,,N,A,R,9662,12866,1,6021,16090310,,,,,,,,,,,,,,,,,,,,,,,,,30.500,31.150,30.880,468500.000,-0.006755,30.770,30.990,206722.000,1.103,1.103,31.000,,-0.006755,-0.000,-0.000,0.005,0.005,-0.002
10725,2001/06/27,,11,1,6035,16090310,CF,CHARTER ONE FINANCIAL INC,,,,N,A,R,9662,12866,1,6021,16090310,,,,,,,,,,,,,,,,,,,,,,,,,30.880,31.300,31.100,572800.000,0.007124,30.970,31.200,206722.000,1.103,1.103,30.880,,0.007124,-0.002,-0.002,0.004,0.004,-0.005
10725,2001/06/28,,11,1,6035,16090310,CF,CHARTER ONE FINANCIAL INC,,,,N,A,R,9662,12866,1,6021,16090310,,,,,,,,,,,,,,,,,,,,,,,,,31.000,31.600,31.090,1038500.000,-0.000322,30.980,31.190,206722.000,1.103,1.103,31.200,,-0.000322,0.013,0.013,0.008,0.008,0.012
10725,2001/06/29,,11,1,6035,16090310,CF,CHARTER ONE FINANCIAL INC,,,,N,A,R,9662,12866,1,6021,16090310,,,,,,,,0.000,,,,,,,,,,,,,1.000,2.000,0.000,0.000,30.840,31.990,31.900,1270300.000,0.026053,31.670,32.000,206722.000,1.103,1.103,30.840,,0.026053,0.004,0.004,0.019,0.019,-0.001
10725,2001/07/02,,11,1,6035,16090310,CF,CHARTER ONE FINANCIAL INC,,,,N,A,R,9662,12866,1,6021,16090310,,,,,,,,,,,,,,,,,,,,,,,,,31.520,31.980,31.740,996500.000,-0.005016,31.630,31.840,206722.000,1.103,1.103,31.720,,-0.005016,0.005,0.005,-0.006,-0.006,0.010
10725,2001/07/03,,11,1,6035,16090310,CF,CHARTER ONE FINANCIAL INC,,,,N,A,R,9662,12866,1,6021,16090310,,,,,,,,,,,,,,,,,,,,,,,,,31.550,31.970,31.800,361700.000,0.001890,31.690,31.910,206722.000,1.103,1.103,31.550,,0.001890,-0.002,-0.002,-0.000,-0.000,-0.002
10725,2001/07/05,,11,1,6035,16090310,CF,CHARTER ONE FINANCIAL INC,,,,N,A,R,9662,12866,1,6021,16090310,,,,,,,,,,,,,,,,,,,,,,,,,31.400,31.840,31.690,533400.000,-0.003459,31.590,31.840,206722.000,1.103,1.103,31.620,,-0.003459,-0.012,-0.012,-0.007,-0.007,-0.012
10725,2001/07/06,,11,1,6035,16090310,CF,CHARTER ONE FINANCIAL INC,,,,N,A,R,9662,12866,1,6021,16090310,,,,,,,,,,,,,,,,,,,,,,,,,31.030,31.650,31.190,356700.000,-0.015778,31.060,31.300,206722.000,1.103,1.103,31.600,,-0.015778,-0.022,-0.022,-0.012,-0.012,-0.023
10725,2001/07/09,,11,1,6035,16090310,CF,CHARTER ONE FINANCIAL INC,,,,N,A,R,9662,12866,1,6021,16090310,,,,,,,,,,,,,,,,,,,,,,,,,30.920,31.230,31.000,675900.000,-0.006092,30.990,31.000,206722.000,1.103,1.103,31.100,,-0.006092,0.006,0.006,0.002,0.002,0.007
10725,2001/07/10,,11,1,6035,16090310,CF,CHARTER ONE FINANCIAL INC,,,,N,A,R,9662,12866,1,6021,16090310,,,,,,,,,,,,,,,,,,,,,,,,,30.720,31.000,30.880,728800.000,-0.003871,30.730,30.980,206722.000,1.103,1.103,30.780,,-0.003871,-0.014,-0.014,-0.009,-0.009,-0.014
10725,2001/07/11,,11,1,6035,16090310,CF,CHARTER ONE FINANCIAL INC,,,,N,A,R,9662,12866,1,6021,16090310,,,,,,,,,,,,,,,,,,,,,,,,,30.700,31.260,31.200,644300.000,0.010363,31.070,31.280,206722.000,1.103,1.103,30.750,,0.010363,-0.002,-0.002,-0.005,-0.006,-0.001
10725,2001/07/12,,11,1,6035,16090310,CF,CHARTER ONE FINANCIAL INC,,,,N,A,R,9662,12866,1,6021,16090310,,,,,,,,,,,,,,,,,,,,,,,,,31.000,31.460,31.350,705800.000,0.004808,31.110,31.500,206722.000,1.103,1.103,31.150,,0.004808,0.024,0.024,0.015,0.015,0.024
10725,2001/07/13,,11,1,6035,16090310,CF,CHARTER ONE FINANCIAL INC,,,,N,A,R,9662,12866,1,6021,16090310,,,,,,,,,,,,,,,,,,,,,,,,,31.430,32.000,31.770,317900.000,0.013397,31.670,31.880,206722.000,1.103,1.103,31.480,,0.013397,0.005,0.005,0.004,0.004,0.006
10725,2001/07/16,,11,1,6035,16090310,CF,CHARTER ONE FINANCIAL INC,,,,N,A,R,9662,12866,1,6021,16090310,,,,,,,,,,,,,,,,,,,,,,,,,31.460,31.930,31.860,420700.000,0.002833,31.750,31.970,206722.000,1.103,1.103,31.650,,0.002833,-0.012,-0.012,-0.007,-0.007,-0.011
10725,2001/07/17,,11,1,6035,16090310,CF,CHARTER ONE FINANCIAL INC,,,,N,A,R,9662,12866,1,6021,16090310,,,,,,,,,,,,,,,,,,,,,,,,,31.750,32.490,32.430,610900.000,0.017891,32.300,32.520,206722.000,1.103,1.103,31.870,,0.017891,0.011,0.011,0.005,0.005,0.010
10725,2001/07/18,,11,1,6035,16090310,CF,CHARTER ONE FINANCIAL INC,,,,N,A,R,9662,12866,1,6021,16090310,,,,,,,,,,,,,,,,,,,,,,,,,32.100,32.890,32.890,623100.000,0.014184,32.730,33.000,206722.000,1.103,1.103,32.350,,0.014184,-0.007,-0.007,-0.008,-0.008,-0.006
10725,2001/07/19,,11,1,6035,16090310,CF,CHARTER ONE FINANCIAL INC,,,,N,A,R,9662,12866,1,6021,16090310,,,,,,,,,,,,,,,,,,,,,,,,,31.820,32.980,31.930,944700.000,-0.029188,31.830,32.080,206722.000,1.103,1.103,32.920,,-0.029188,0.005,0.005,0.005,0.005,0.006
10725,2001/07/20,,11,1,6035,16090310,CF,CHARTER ONE FINANCIAL INC,,,,N,A,R,9662,12866,1,6021,16090310,,,,,,,,,,,,,,,,,,,,,,,,,31.150,31.980,31.400,654900.000,-0.016599,31.300,31.510,206722.000,1.103,1.103,31.950,,-0.016599,-0.003,-0.003,0.000,0.000,-0.003
10725,2001/07/23,,11,1,6035,16090310,CF,CHARTER ONE FINANCIAL INC,,,,N,A,R,9662,12866,1,6021,16090310,,,,,,,,,,,,,,,,,,,,,,,,,30.950,31.620,31.070,542900.000,-0.010510,30.950,31.180,206722.000,1.103,1.103,31.400,,-0.010510,-0.015,-0.015,-0.006,-0.006,-0.016
10725,2001/07/24,,11,1,6035,16090310,CF,CHARTER ONE FINANCIAL INC,,,,N,A,R,9662,12866,1,6021,16090310,,,,,,,,,,,,,,,,,,,,,,,,,30.630,31.060,30.890,739400.000,-0.005793,30.780,30.980,206722.000,1.103,1.103,30.900,,-0.005793,-0.016,-0.016,-0.011,-0.012,-0.016
10725,2001/07/25,,11,1,6035,16090310,CF,CHARTER ONE FINANCIAL INC,,,,N,A,R,9662,12866,1,6021,16090310,,,,,,,,,,,,,,,,,,,,,,,,,30.400,31.150,30.790,768500.000,-0.003237,30.680,30.890,206722.000,1.103,1.103,31.150,,-0.003237,0.014,0.014,0.003,0.003,0.016
10725,2001/07/26,,11,1,6035,16090310,CF,CHARTER ONE FINANCIAL INC,,,,N,A,R,9662,12866,1,6021,16090310,,,,,,,,,,,,,,,,,,,,,,,,,30.720,31.500,31.500,928100.000,0.023059,31.430,31.500,206722.000,1.103,1.103,30.790,,0.023059,0.012,0.011,0.008,0.008,0.010
10725,2001/07/27,,11,1,6035,16090310,CF,CHARTER ONE FINANCIAL INC,,,,N,A,R,9662,12866,1,6021,16090310,,,,,,,,,,,,,,,,,,,,,,,,,31.480,31.960,31.780,589300.000,0.008889,31.730,31.940,206722.000,1.103,1.103,31.520,,0.008889,0.003,0.003,0.004,0.003,0.002
10725,2001/07/30,,11,1,6035,16090310,CF,CHARTER ONE FINANCIAL INC,,,,N,A,R,9662,12866,1,6021,16090310,,,,,,,,,,,,,,,,,,,,,,,,,31.360,32.000,31.810,509100.000,0.000944,31.690,31.980,206722.000,1.103,1.103,31.600,,0.000944,-0.001,-0.001,-0.001,-0.001,-0.001
10725,2001/07/31,,11,1,6035,16090310,CF,CHARTER ONE FINANCIAL INC,,,,N,A,R,9662,12866,1,6021,16090310,,,,,,,,0.000,,,,,,,,,,,,,1.000,2.000,0.000,0.000,31.950,32.300,32.110,535100.000,0.009431,32.010,32.220,213417.000,1.103,1.103,32.000,,0.009431,0.005,0.005,0.003,0.003,0.006
10725,2001/08/01,,11,1,6035,16090310,CF,CHARTER ONE FINANCIAL INC,,,,N,A,R,9662,12866,1,6021,16090310,,,,,,,,,,,,,,,,,,,,,,,,,31.750,32.290,32.110,314200.000,0.000000,32.000,32.210,213417.000,1.103,1.103,32.000,,0.000000,0.005,0.005,0.006,0.006,0.004
10725,2001/08/02,,11,1,6035,16090310,CF,CHARTER ONE FINANCIAL INC,,,,N,A,R,9662,12866,1,6021,16090310,2001/07/18,,,,,2001/08/20,2001/08/06,0.000,,,1232.000,0.200,0.000,0.000,,,,,,,1.000,2.000,0.000,0.000,32.050,32.450,32.250,467600.000,0.010589,32.170,32.260,213417.000,1.103,1.103,32.250,,0.004360,0.003,0.003,0.003,0.002,0.004
10725,2001/08/03,,11,1,6035,16090310,CF,CHARTER ONE FINANCIAL INC,,,,N,A,R,9662,12866,1,6021,16090310,,,,,,,,,,,,,,,,,,,,,,,,,31.900,32.200,32.000,287200.000,-0.007752,31.870,32.010,213417.000,1.103,1.103,32.150,,-0.007752,-0.005,-0.005,0.001,0.000,-0.005
10725,2001/08/06,,11,1,6035,16090310,CF,CHARTER ONE FINANCIAL INC,,,,N,A,R,9662,12866,1,6021,16090310,,,,,,,,,,,,,,,,,,,,,,,,,30.980,32.050,31.650,347600.000,-0.010938,31.590,31.800,213417.000,1.103,1.103,32.000,,-0.010938,-0.011,-0.011,-0.006,-0.006,-0.011
10725,2001/08/07,,11,1,6035,16090310,CF,CHARTER ONE FINANCIAL INC,,,,N,A,R,9662,12866,1,6021,16090310,,,,,,,,,,,,,,,,,,,,,,,,,31.500,31.740,31.650,263700.000,0.000000,31.550,31.760,213417.000,1.103,1.103,31.620,,0.000000,0.002,0.002,-0.000,-0.000,0.003
10725,2001/08/08,,11,1,6035,16090310,CF,CHARTER ONE FINANCIAL INC,,,,N,A,R,9662,12866,1,6021,16090310,,,,,,,,,,,,,,,,,,,,,,,,,31.320,31.650,31.360,436200.000,-0.009163,31.250,31.460,213417.000,1.103,1.103,31.600,,-0.009163,-0.017,-0.017,-0.010,-0.010,-0.017
10725,2001/08/09,,11,1,6035,16090310,CF,CHARTER ONE FINANCIAL INC,,,,N,A,R,9662,12866,1,6021,16090310,,,,,,,,,,,,,,,,,,,,,,,,,31.220,31.750,31.430,742700.000,0.002232,31.210,31.680,213417.000,1.103,1.103,31.250,,0.002232,-0.000,-0.000,-0.001,-0.001,-0.000
10725,2001/08/10,,11,1,6035,16090310,CF,CHARTER ONE FINANCIAL INC,,,,N,A,R,9662,12866,1,6021,16090310,,,,,,,,,,,,,,,,,,,,,,,,,31.050,31.600,31.500,303100.000,0.002227,31.400,31.620,213417.000,1.103,1.103,31.450,,0.002227,0.004,0.004,0.001,0.001,0.006
10725,2001/08/13,,11,1,6035,16090310,CF,CHARTER ONE FINANCIAL INC,,,,N,A,R,9662,12866,1,6021,16090310,,,,,,,,,,,,,,,,,,,,,,,,,31.050,31.800,31.740,399900.000,0.007619,31.490,31.760,213417.000,1.103,1.103,31.530,,0.007619,0.002,0.002,0.003,0.002,0.001
10725,2001/08/14,,11,1,6035,16090310,CF,CHARTER ONE FINANCIAL INC,,,,N,A,R,9662,12866,1,6021,16090310,,,,,,,,,,,,,,,,,,,,,,,,,31.160,31.750,31.180,420100.000,-0.017643,31.070,31.290,213417.000,1.103,1.103,31.750,,-0.017643,-0.002,-0.002,0.002,0.002,-0.004
10725,2001/08/15,,11,1,6035,16090310,CF,CHARTER ONE FINANCIAL INC,,,,N,A,R,9662,12866,1,6021,16090310,,,,,,,,,,,,,,,,,,,,,,,,,31.020,31.450,31.050,392000.000,-0.004169,30.970,31.180,213417.000,1.103,1.103,31.250,,-0.004169,-0.007,-0.007,-0.005,-0.005,-0.007
10725,2001/08/16,,11,1,6035,16090310,CF,CHARTER ONE FINANCIAL INC,,,,N,A,R,9662,12866,1,6021,16090310,,,,,,,,,,,,,,,,,,,,,,,,,30.960,31.300,31.230,490500.000,0.005797,31.090,31.330,213417.000,1.103,1.103,31.000,,0.005797,0.002,0.002,-0.002,-0.002,0.003
10725,2001/08/17,,11,1,6035,16090310,CF,CHARTER ONE FINANCIAL INC,,,,N,A,R,9662,12866,1,6021,16090310,,,,,,,,,,,,,,,,,,,,,,,,,30.890,31.110,31.000,460600.000,-0.007365,30.980,31.000,213417.000,1.103,1.103,30.900,,-0.007365,-0.016,-0.016,-0.007,-0.007,-0.017
10725,2001/08/20,,11,1,6035,16090310,CF,CHARTER ONE FINANCIAL INC,,,,N,A,R,9662,12866,1,6021,16090310,,,,,,,,,,,,,,,,,,,,,,,,,30.950,31.190,31.000,399900.000,0.000000,30.990,31.020,213417.000,1.103,1.103,31.000,,0.000000,0.007,0.007,-0.000,-0.000,0.008
10725,2001/08/21,,11,1,6035,16090310,CF,CHARTER ONE FINANCIAL INC,,,,N,A,R,9662,12866,1,6021,16090310,,,,,,,,,,,,,,,,,,,,,,,,,30.800,31.500,30.880,398300.000,-0.003871,30.760,30.980,213417.000,1.103,1.103,31.500,,-0.003871,-0.011,-0.011,-0.008,-0.008,-0.012
10725,2001/08/22,,11,1,6035,16090310,CF,CHARTER ONE FINANCIAL INC,,,,N,A,R,9662,12866,1,6021,16090310,,,,,,,,,,,,,,,,,,,,,,,,,30.280,30.970,30.500,523200.000,-0.012306,30.400,30.610,213417.000,1.103,1.103,30.870,,-0.012306,0.007,0.007,0.004,0.004,0.007
10725,2001/08/23,,11,1,6035,16090310,CF,CHARTER ONE FINANCIAL INC,,,,N,A,R,9662,12866,1,6021,16090310,,,,,,,,,,,,,,,,,,,,,,,,,30.020,30.650,30.020,420900.000,-0.015738,29.910,30.170,213417.000,1.103,1.103,30.600,,-0.015738,-0.003,-0.003,-0.004,-0.004,-0.003
10725,2001/08/24,,11,1,6035,16090310,CF,CHARTER ONE FINANCIAL INC,,,,N,A,R,9662,12866,1,6021,16090310,,,,,,,,2.000,,,,,,,,,,,,,1.000,2.000,0.000,0.000,28.100,30.100,28.750,1613300.000,-0.042305,28.640,28.850,213417.000,1.103,1.103,30.100,,-0.042305,0.018,0.018,0.011,0.011,0.020
10725,2001/08/27,,11,1,6035,16090310,CF,CHARTER ONE FINANCIAL INC,,,,N,A,R,9662,12866,1,6021,16090310,,,,,,,,,,,,,,,,,,,,,,,,,28.240,29.100,28.480,1302700.000,-0.009391,28.450,28.570,213417.000,1.103,1.103,28.950,,-0.009391,-0.004,-0.004,-0.002,-0.002,-0.005
10725,2001/08/28,,11,1,6035,16090310,CF,CHARTER ONE FINANCIAL INC,,,,N,A,R,9662,12866,1,6021,16090310,,,,,,,,,,,,,,,,,,,,,,,,,28.480,29.210,28.840,1150800.000,0.012640,28.780,28.940,213417.000,1.103,1.103,28.480,,0.012640,-0.014,-0.014,-0.007,-0.007,-0.015
10725,2001/08/29,,11,1,6035,16090310,CF,CHARTER ONE FINANCIAL INC,,,,N,A,R,9662,12866,1,6021,16090310,,,,,,,,,,,,,,,,,,,,,,,,,28.750,29.150,29.050,1008100.000,0.007282,28.940,29.150,213417.000,1.103,1.103,28.900,,0.007282,-0.010,-0.010,-0.003,-0.003,-0.011
10725,2001/08/30,,11,1,6035,16090310,CF,CHARTER ONE FINANCIAL INC,,,,N,A,R,9662,12866,1,6021,16090310,,,,,,,,,,,,,,,,,,,,,,,,,28.950,29.450,29.110,897800.000,0.002065,29.000,29.220,213417.000,1.103,1.103,29.050,,0.002065,-0.016,-0.016,-0.009,-0.009,-0.017
10725,2001/08/31,,11,1,6035,16090310,CF,CHARTER ONE FINANCIAL INC,,,,N,A,R,9662,12866,1,6021,16090310,,,,,,,,0.000,,,,,,,,,,,,,1.000,2.000,0.000,0.000,29.050,29.560,29.200,345900.000,0.003092,29.130,29.360,214166.000,1.103,1.103,29.050,,0.003092,0.004,0.004,0.006,0.006,0.004
10725,2001/09/04,,11,1,6035,16090310,CF,CHARTER ONE FINANCIAL INC,,,,N,A,R,9662,12866,1,6021,16090310,,,,,,,,,,,,,,,,,,,,,,,,,28.800,29.570,29.400,450800.000,0.006849,29.280,29.510,214166.000,1.103,1.103,29.100,,0.006849,-0.002,-0.002,-0.006,-0.006,-0.001
10725,2001/09/05,,11,1,6035,16090310,CF,CHARTER ONE FINANCIAL INC,,,,N,A,R,9662,12866,1,6021,16090310,,,,,,,,,,,,,,,,,,,,,,,,,28.800,29.250,28.800,894200.000,-0.020408,28.710,28.900,214166.000,1.103,1.103,29.250,,-0.020408,-0.003,-0.003,-0.009,-0.009,-0.001
10725,2001/09/06,,11,1,6035,16090310,CF,CHARTER ONE FINANCIAL INC,,,,N,A,R,9662,12866,1,6021,16090310,,,,,,,,,,,,,,,,,,,,,,,,,28.550,29.000,28.580,813000.000,-0.007639,28.560,28.570,214166.000,1.103,1.103,28.810,,-0.007639,-0.021,-0.021,-0.014,-0.014,-0.022
10725,2001/09/07,,11,1,6035,16090310,CF,CHARTER ONE FINANCIAL INC,,,,N,A,R,9662,12866,1,6021,16090310,,,,,,,,,,,,,,,,,,,,,,,,,28.510,28.990,28.570,1116000.000,-0.000350,28.550,28.580,214166.000,1.103,1.103,28.570,,-0.000350,-0.018,-0.018,-0.012,-0.012,-0.019
10725,2001/09/10,,11,1,6035,16090310,CF,CHARTER ONE FINANCIAL INC,,,,N,A,R,9662,12866,1,6021,16090310,,,,,,,,,,,,,,,,,,,,,,,,,27.900,28.610,28.110,938000.000,-0.016101,28.000,28.210,214166.000,1.103,1.103,28.500,,-0.016101,0.004,0.004,-0.007,-0.007,0.006
10725,2001/09/17,,11,1,6035,16090310,CF,CHARTER ONE FINANCIAL INC,,,,N,A,R,9662,12866,1,6021,16090310,2001/07/18,,,,,2001/09/28,2001/09/14,1.000,,,5533.000,0.000,0.050,0.050,,,,,,,1.000,2.000,0.000,0.000,26.130,27.100,26.720,1138700.000,-0.001921,26.610,26.890,224874.000,1.050,1.050,26.550,,-0.001921,-0.051,-0.051,-0.042,-0.043,-0.049
10725,2001/09/18,,11,1,6035,16090310,CF,CHARTER ONE FINANCIAL INC,,,,N,A,R,9662,12866,1,6021,16090310,,,,,,,,,,,,,,,,,,,,,,,,,26.650,27.270,27.210,1022100.000,0.018338,27.070,27.310,224874.000,1.050,1.050,26.750,,0.018338,-0.008,-0.008,-0.010,-0.010,-0.006
10725,2001/09/19,,11,1,6035,16090310,CF,CHARTER ONE FINANCIAL INC,,,,N,A,R,9662,12866,1,6021,16090310,,,,,,,,,,,,,,,,,,,,,,,,,25.630,27.950,26.130,1181100.000,-0.039691,25.940,26.730,224874.000,1.050,1.050,27.100,,-0.039691,-0.017,-0.017,-0.024,-0.024,-0.016
10725,2001/09/20,,11,1,6035,16090310,CF,CHARTER ONE FINANCIAL INC,,,,N,A,R,9662,12866,1,6021,16090310,,,,,,,,,,,,,,,,,,,,,,,,,24.700,26.100,24.700,865500.000,-0.054726,24.600,24.860,224874.000,1.050,1.050,26.000,,-0.054726,-0.031,-0.031,-0.033,-0.033,-0.031
10725,2001/09/21,,11,1,6035,16090310,CF,CHARTER ONE FINANCIAL INC,,,,N,A,R,9662,12866,1,6021,16090310,,,,,,,,,,,,,,,,,,,,,,,,,23.400,24.900,24.800,1435100.000,0.004049,24.630,24.980,224874.000,1.050,1.050,23.750,,0.004049,-0.019,-0.019,-0.020,-0.020,-0.019
10725,2001/09/24,,11,1,6035,16090310,CF,CHARTER ONE FINANCIAL INC,,,,N,A,R,9662,12866,1,6021,16090310,,,,,,,,,,,,,,,,,,,,,,,,,25.890,27.000,26.350,1496400.000,0.062500,26.140,26.390,224874.000,1.050,1.050,27.000,,0.062500,0.038,0.038,0.033,0.033,0.039
10725,2001/09/25,,11,1,6035,16090310,CF,CHARTER ONE FINANCIAL INC,,,,N,A,R,9662,12866,1,6021,16090310,,,,,,,,,,,,,,,,,,,,,,,,,25.800,26.550,26.060,1240100.000,-0.011006,25.980,26.050,224874.000,1.050,1.050,26.100,,-0.011006,0.008,0.008,0.004,0.004,0.009
10725,2001/09/26,,11,1,6035,16090310,CF,CHARTER ONE FINANCIAL INC,,,,N,A,R,9662,12866,1,6021,16090310,,,,,,,,,,,,,,,,,,,,,,,,,25.850,26.350,26.350,828100.000,0.011128,26.200,26.550,224874.000,1.050,1.050,26.350,,0.011128,-0.006,-0.006,-0.010,-0.010,-0.005
10725,2001/09/27,,11,1,6035,16090310,CF,CHARTER ONE FINANCIAL INC,,,,N,A,R,9662,12866,1,6021,16090310,,,,,,,,,,,,,,,,,,,,,,,,,26.180,27.400,27.300,593300.000,0.036053,27.190,27.400,224874.000,1.050,1.050,26.250,,0.036053,0.011,0.011,-0.001,-0.001,0.011
10725,2001/09/28,,11,1,6035,16090310,CF,CHARTER ONE FINANCIAL INC,,,,N,A,R,9662,12866,1,6021,16090310,,,,,,,,0.000,,,,,,,,,,,,,1.000,2.000,0.000,0.000,27.200,28.220,28.220,567700.000,0.033700,28.110,28.120,224427.000,1.050,1.050,27.350,,0.033700,0.023,0.023,0.025,0.025,0.022
10725,2001/10/01,,11,1,6035,16090310,CF,CHARTER ONE FINANCIAL INC,,,,N,A,R,9662,12866,1,6021,16090310,,,,,,,,,,,,,,,,,,,,,,,,,27.500,28.050,27.570,484600.000,-0.023033,27.460,27.680,224427.000,1.050,1.050,28.050,,-0.023033,-0.004,-0.004,-0.010,-0.010,-0.002
10725,2001/10/02,,11,1,6035,16090310,CF,CHARTER ONE FINANCIAL INC,,,,N,A,R,9662,12866,1,6021,16090310,,,,,,,,,,,,,,,,,,,,,,,,,27.500,28.000,27.780,714300.000,0.007617,27.670,27.900,224427.000,1.050,1.050,27.500,,0.007617,0.012,0.012,0.007,0.007,0.012
10725,2001/10/03,,11,1,6035,16090310,CF,CHARTER ONE FINANCIAL INC,,,,N,A,R,9662,12866,1,6021,16090310,,,,,,,,,,,,,,,,,,,,,,,,,27.450,28.720,28.600,708200.000,0.029518,28.390,28.600,224427.000,1.050,1.050,27.450,,0.029518,0.022,0.022,0.021,0.021,0.020
10725,2001/10/04,,11,1,6035,16090310,CF,CHARTER ONE FINANCIAL INC,,,,N,A,R,9662,12866,1,6021,16090310,,,,,,,,,,,,,,,,,,,,,,,,,28.400,28.980,28.610,1532000.000,0.000350,28.510,28.720,224427.000,1.050,1.050,28.600,,0.000350,-0.000,-0.000,0.011,0.011,-0.002
10725,2001/10/05,,11,1,6035,16090310,CF,CHARTER ONE FINANCIAL INC,,,,N,A,R,9662,12866,1,6021,16090310,,,,,,,,,,,,,,,,,,,,,,,,,27.360,28.610,27.900,1127600.000,-0.024817,27.650,27.970,224427.000,1.050,1.050,28.600,,-0.024817,0.000,0.000,0.001,0.000,0.002
10725,2001/10/08,,11,1,6035,16090310,CF,CHARTER ONE FINANCIAL INC,,,,N,A,R,9662,12866,1,6021,16090310,,,,,,,,,,,,,,,,,,,,,,,,,26.650,27.860,26.850,834700.000,-0.037634,26.740,26.960,224427.000,1.050,1.050,27.850,,-0.037634,-0.008,-0.008,-0.002,-0.002,-0.008
10725,2001/10/09,,11,1,6035,16090310,CF,CHARTER ONE FINANCIAL INC,,,,N,A,R,9662,12866,1,6021,16090310,,,,,,,,,,,,,,,,,,,,,,,,,26.500,27.150,26.500,581600.000,-0.013035,26.390,26.740,224427.000,1.050,1.050,26.900,,-0.013035,-0.005,-0.005,-0.004,-0.004,-0.005
10725,2001/10/10,,11,1,6035,16090310,CF,CHARTER ONE FINANCIAL INC,,,,N,A,R,9662,12866,1,6021,16090310,,,,,,,,,,,,,,,,,,,,,,,,,26.300,26.800,26.490,871700.000,-0.000377,26.370,26.600,224427.000,1.050,1.050,26.500,,-0.000377,0.023,0.023,0.019,0.019,0.023
10725,2001/10/11,,11,1,6035,16090310,CF,CHARTER ONE FINANCIAL INC,,,,N,A,R,9662,12866,1,6021,16090310,,,,,,,,,,,,,,,,,,,,,,,,,26.620,27.100,26.740,399800.000,0.009438,26.600,26.840,224427.000,1.050,1.050,26.650,,0.009438,0.017,0.017,0.019,0.019,0.015
10725,2001/10/12,,11,1,6035,16090310,CF,CHARTER ONE FINANCIAL INC,,,,N,A,R,9662,12866,1,6021,16090310,,,,,,,,,,,,,,,,,,,,,,,,,25.600,26.740,25.600,712700.000,-0.042633,25.610,26.010,224427.000,1.050,1.050,26.740,,-0.042633,-0.005,-0.005,0.000,0.000,-0.005
10725,2001/10/15,,11,1,6035,16090310,CF,CHARTER ONE FINANCIAL INC,,,,N,A,R,9662,12866,1,6021,16090310,,,,,,,,,,,,,,,,,,,,,,,,,25.400,26.340,26.010,535000.000,0.016016,25.800,26.130,224427.000,1.050,1.050,25.530,,0.016016,-0.001,-0.001,0.003,0.003,-0.002
10725,2001/10/16,,11,1,6035,16090310,CF,CHARTER ONE FINANCIAL INC,,,,N,A,R,9662,12866,1,6021,16090310,,,,,,,,,,,,,,,,,,,,,,,,,26.210,27.100,26.600,552100.000,0.022684,26.460,26.700,224427.000,1.050,1.050,26.400,,0.022684,0.008,0.008,0.011,0.011,0.007
10725,2001/10/17,,11,1,6035,16090310,CF,CHARTER ONE FINANCIAL INC,,,,N,A,R,9662,12866,1,6021,16090310,,,,,,,,,,,,,,,,,,,,,,,,,25.490,26.800,25.490,778000.000,-0.041729,25.390,25.620,224427.000,1.050,1.050,26.600,,-0.041729,-0.019,-0.019,-0.006,-0.006,-0.019
10725,2001/10/18,,11,1,6035,16090310,CF,CHARTER ONE FINANCIAL INC,,,,N,A,R,9662,12866,1,6021,16090310,,,,,,,,,,,,,,,,,,,,,,,,,24.750,25.690,24.750,821900.000,-0.029031,24.680,24.950,224427.000,1.050,1.050,25.490,,-0.029031,-0.007,-0.007,-0.005,-0.005,-0.008
10725,2001/10/19,,11,1,6035,16090310,CF,CHARTER ONE FINANCIAL INC,,,,N,A,R,9662,12866,1,6021,16090310,,,,,,,,,,,,,,,,,,,,,,,,,24.600,25.100,24.730,771900.000,-0.000808,24.630,24.840,224427.000,1.050,1.050,24.760,,-0.000808,0.005,0.005,0.005,0.005,0.005
10725,2001/10/22,,11,1,6035,16090310,CF,CHARTER ONE FINANCIAL INC,,,,N,A,R,9662,12866,1,6021,16090310,,,,,,,,,,,,,,,,,,,,,,,,,24.880,25.600,25.120,665900.000,0.015770,24.980,25.240,224427.000,1.050,1.050,24.950,,0.015770,0.015,0.015,0.008,0.008,0.015
10725,2001/10/23,,11,1,6035,16090310,CF,CHARTER ONE FINANCIAL INC,,,,N,A,R,9662,12866,1,6021,16090310,,,,,,,,,,,,,,,,,,,,,,,,,25.000,26.050,25.920,1547700.000,0.031847,25.820,26.030,224427.000,1.050,1.050,25.000,,0.031847,-0.004,-0.004,0.000,0.000,-0.005
10725,2001/10/24,,11,1,6035,16090310,CF,CHARTER ONE FINANCIAL INC,,,,N,A,R,9662,12866,1,6021,16090310,,,,,,,,,,,,,,,,,,,,,,,,,25.850,26.280,26.150,809500.000,0.008873,26.120,26.140,224427.000,1.050,1.050,26.150,,0.008873,0.001,0.001,0.004,0.004,0.000
10725,2001/10/25,,11,1,6035,16090310,CF,CHARTER ONE FINANCIAL INC,,,,N,A,R,9662,12866,1,6021,16090310,,,,,,,,,,,,,,,,,,,,,,,,,25.800,26.490,26.200,583400.000,0.001912,26.250,26.260,224427.000,1.050,1.050,26.100,,0.001912,0.014,0.014,0.011,0.011,0.014
10725,2001/10/26,,11,1,6035,16090310,CF,CHARTER ONE FINANCIAL INC,,,,N,A,R,9662,12866,1,6021,16090310,,,,,,,,,,,,,,,,,,,,,,,,,26.380,27.600,27.270,1083100.000,0.040840,27.160,27.370,224427.000,1.050,1.050,26.400,,0.040840,0.004,0.004,0.007,0.007,0.004
10725,2001/10/29,,11,1,6035,16090310,CF,CHARTER ONE FINANCIAL INC,,,,N,A,R,9662,12866,1,6021,16090310,,,,,,,,,,,,,,,,,,,,,,,,,27.020,27.440,27.140,942800.000,-0.004767,27.060,27.240,224427.000,1.050,1.050,27.100,,-0.004767,-0.023,-0.023,-0.009,-0.009,-0.024
10725,2001/10/30,,11,1,6035,16090310,CF,CHARTER ONE FINANCIAL INC,,,,N,A,R,9662,12866,1,6021,16090310,,,,,,,,,,,,,,,,,,,,,,,,,26.850,27.550,27.350,1146000.000,0.007738,27.070,27.460,224427.000,1.050,1.050,27.350,,0.007738,-0.017,-0.017,-0.011,-0.012,-0.017
10725,2001/10/31,,11,1,6035,16090310,CF,CHARTER ONE FINANCIAL INC,,,,N,A,R,9662,12866,1,6021,16090310,,,,,,,,0.000,,,,,,,,,,,,,1.000,2.000,0.000,0.000,27.200,27.500,27.250,965200.000,-0.003656,27.140,27.350,224759.000,1.050,1.050,27.360,,-0.003656,0.002,0.002,0.011,0.011,-0.000
10725,2001/11/01,,11,1,6035,16090310,CF,CHARTER ONE FINANCIAL INC,,,,N,A,R,9662,12866,1,6021,16090310,,,,,,,,,,,,,,,,,,,,,,,,,26.600,27.650,27.570,1676100.000,0.011743,27.460,27.680,224759.000,1.050,1.050,27.480,,0.011743,0.021,0.021,0.009,0.009,0.023
10725,2001/11/02,,11,1,6035,16090310,CF,CHARTER ONE FINANCIAL INC,,,,N,A,R,9662,12866,1,6021,16090310,2001/10/24,,,,,2001/11/20,2001/11/06,0.000,,,1232.000,0.200,0.000,0.000,,,,,,,1.000,2.000,0.000,0.000,27.070,27.520,27.380,895700.000,0.000363,27.280,27.490,224759.000,1.050,1.050,27.360,,-0.006892,0.002,0.002,-0.001,-0.001,0.003
10725,2001/11/05,,11,1,6035,16090310,CF,CHARTER ONE FINANCIAL INC,,,,N,A,R,9662,12866,1,6021,16090310,,,,,,,,,,,,,,,,,,,,,,,,,27.500,28.770,28.420,929700.000,0.037984,28.300,28.520,224759.000,1.050,1.050,27.500,,0.037984,0.014,0.014,0.008,0.008,0.014
10725,2001/11/06,,11,1,6035,16090310,CF,CHARTER ONE FINANCIAL INC,,,,N,A,R,9662,12866,1,6021,16090310,,,,,,,,,,,,,,,,,,,,,,,,,28.420,29.180,29.100,704900.000,0.023927,29.100,29.110,224759.000,1.050,1.050,28.420,,0.023927,0.014,0.014,0.007,0.007,0.015
10725,2001/11/07,,11,1,6035,16090310,CF,CHARTER ONE FINANCIAL INC,,,,N,A,R,9662,12866,1,6021,16090310,,,,,,,,,,,,,,,,,,,,,,,,,28.980,29.460,29.210,731200.000,0.003780,29.100,29.310,224759.000,1.050,1.050,29.000,,0.003780,-0.002,-0.002,0.001,0.001,-0.003
10725,2001/11/08,,11,1,6035,16090310,CF,CHARTER ONE FINANCIAL INC,,,,N,A,R,9662,12866,1,6021,16090310,,,,,,,,,,,,,,,,,,,,,,,,,28.960,29.390,29.000,807000.000,-0.007189,29.010,29.220,224759.000,1.050,1.050,29.100,,-0.007189,0.001,0.001,0.003,0.003,0.002
10725,2001/11/09,,11,1,6035,16090310,CF,CHARTER ONE FINANCIAL INC,,,,N,A,R,9662,12866,1,6021,16090310,,,,,,,,,,,,,,,,,,,,,,,,,28.600,29.150,28.780,460400.000,-0.007586,28.670,28.880,224759.000,1.050,1.050,29.150,,-0.007586,0.001,0.001,0.003,0.003,0.002
10725,2001/11/12,,11,1,6035,16090310,CF,CHARTER ONE FINANCIAL INC,,,,N,A,R,9662,12866,1,6021,16090310,,,,,,,,,,,,,,,,,,,,,,,,,28.080,28.750,28.520,641000.000,-0.009034,28.410,28.630,224759.000,1.050,1.050,28.350,,-0.009034,-0.001,-0.001,0.001,0.001,-0.002
10725,2001/11/13,,11,1,6035,16090310,CF,CHARTER ONE FINANCIAL INC,,,,N,A,R,9662,12866,1,6021,16090310,,,,,,,,,,,,,,,,,,,,,,,,,28.500,29.040,28.940,784200.000,0.014727,28.830,29.050,224759.000,1.050,1.050,28.650,,0.014727,0.019,0.018,0.014,0.014,0.019
10725,2001/11/14,,11,1,6035,16090310,CF,CHARTER ONE FINANCIAL INC,,,,N,A,R,9662,12866,1,6021,16090310,,,,,,,,,,,,,,,,,,,,,,,,,28.630,28.990,28.920,363100.000,-0.000691,28.800,29.030,224759.000,1.050,1.050,28.950,,-0.000691,0.003,0.003,0.008,0.007,0.002
10725,2001/11/15,,11,1,6035,16090310,CF,CHARTER ONE FINANCIAL INC,,,,N,A,R,9662,12866,1,6021,16090310,,,,,,,,,,,,,,,,,,,,,,,,,28.170,28.920,28.550,1414400.000,-0.012794,28.440,28.790,224759.000,1.050,1.050,28.920,,-0.012794,0.000,0.000,0.000,0.000,0.001
10725,2001/11/16,,11,1,6035,16090310,CF,CHARTER ONE FINANCIAL INC,,,,N,A,R,9662,12866,1,6021,16090310,,,,,,,,,,,,,,,,,,,,,,,,,28.320,28.750,28.650,698100.000,0.003503,28.530,28.770,224759.000,1.050,1.050,28.700,,0.003503,-0.002,-0.002,0.006,0.006,-0.003
10725,2001/11/19,,11,1,6035,16090310,CF,CHARTER ONE FINANCIAL INC,,,,N,A,R,9662,12866,1,6021,16090310,,,,,,,,,,,,,,,,,,,,,,,,,28.670,29.240,28.850,602300.000,0.006981,28.730,28.960,224759.000,1.050,1.050,28.880,,0.006981,0.012,0.012,0.012,0.012,0.011
10725,2001/11/20,,11,1,6035,16090310,CF,CHARTER ONE FINANCIAL INC,,,,N,A,R,9662,12866,1,6021,16090310,,,,,,,,,,,,,,,,,,,,,,,,,28.530,29.080,28.840,767300.000,-0.000347,28.740,28.970,224759.000,1.050,1.050,28.950,,-0.000347,-0.008,-0.008,-0.005,-0.005,-0.007
10725,2001/11/21,,11,1,6035,16090310,CF,CHARTER ONE FINANCIAL INC,,,,N,A,R,9662,12866,1,6021,16090310,,,,,,,,,,,,,,,,,,,,,,,,,28.660,28.950,28.700,265300.000,-0.004854,28.590,28.800,224759.000,1.050,1.050,28.950,,-0.004854,-0.004,-0.005,0.000,0.000,-0.005
10725,2001/11/23,,11,1,6035,16090310,CF,CHARTER ONE FINANCIAL INC,,,,N,A,R,9662,12866,1,6021,16090310,,,,,,,,,,,,,,,,,,,,,,,,,28.620,29.010,28.810,364200.000,0.003833,28.740,28.920,224759.000,1.050,1.050,28.620,,0.003833,0.012,0.012,0.010,0.010,0.012
10725,2001/11/26,,11,1,6035,16090310,CF,CHARTER ONE FINANCIAL INC,,,,N,A,R,9662,12866,1,6021,16090310,,,,,,,,,,,,,,,,,,,,,,,,,28.750,29.090,28.850,531800.000,0.001388,28.810,29.050,224759.000,1.050,1.050,28.900,,0.001388,0.007,0.007,0.006,0.006,0.006
10725,2001/11/27,,11,1,6035,16090310,CF,CHARTER ONE FINANCIAL INC,,,,N,A,R,9662,12866,1,6021,16090310,,,,,,,,,,,,,,,,,,,,,,,,,28.350,28.750,28.580,835000.000,-0.009359,28.430,28.690,224759.000,1.050,1.050,28.620,,-0.009359,-0.005,-0.005,0.002,0.002,-0.007
10725,2001/11/28,,11,1,6035,16090310,CF,CHARTER ONE FINANCIAL INC,,,,N,A,R,9662,12866,1,6021,16090310,,,,,,,,,,,,,,,,,,,,,,,,,28.070,28.620,28.170,375700.000,-0.014346,28.010,28.280,224759.000,1.050,1.050,28.510,,-0.014346,-0.017,-0.018,-0.010,-0.010,-0.018
10725,2001/11/29,,11,1,6035,16090310,CF,CHARTER ONE FINANCIAL INC,,,,N,A,R,9662,12866,1,6021,16090310,,,,,,,,,,,,,,,,,,,,,,,,,27.850,28.340,28.010,976400.000,-0.005680,28.010,28.040,224759.000,1.050,1.050,28.330,,-0.005680,0.011,0.011,0.009,0.009,0.010
10725,2001/11/30,,11,1,6035,16090310,CF,CHARTER ONE FINANCIAL INC,,,,N,A,R,9662,12866,1,6021,16090310,,,,,,,,0.000,,,,,,,,,,,,,1.000,2.000,0.000,0.000,27.550,28.100,27.550,766600.000,-0.016423,27.460,27.850,224759.000,1.050,1.050,28.010,,-0.016423,-0.001,-0.001,0.001,0.001,-0.001
10725,2001/12/03,,11,1,6035,16090310,CF,CHARTER ONE FINANCIAL INC,,,,N,A,R,9662,12866,1,6021,16090310,,,,,,,,,,,,,,,,,,,,,,,,,27.170,27.650,27.170,937100.000,-0.013793,27.040,27.280,224759.000,1.050,1.050,27.550,,-0.013793,-0.008,-0.008,-0.007,-0.007,-0.008
10725,2001/12/04,,11,1,6035,16090310,CF,CHARTER ONE FINANCIAL INC,,,,N,A,R,9662,12866,1,6021,16090310,,,,,,,,,,,,,,,,,,,,,,,,,27.300,27.640,27.400,451800.000,0.008465,27.420,27.440,224759.000,1.050,1.050,27.300,,0.008465,0.015,0.015,0.012,0.012,0.013
10725,2001/12/05,,11,1,6035,16090310,CF,CHARTER ONE FINANCIAL INC,,,,N,A,R,9662,12866,1,6021,16090310,,,,,,,,,,,,,,,,,,,,,,,,,27.550,27.990,27.600,354400.000,0.007299,27.550,27.780,224759.000,1.050,1.050,27.600,,0.007299,0.023,0.023,0.017,0.017,0.022
10725,2001/12/06,,11,1,6035,16090310,CF,CHARTER ONE FINANCIAL INC,,,,N,A,R,9662,12866,1,6021,16090310,,,,,,,,,,,,,,,,,,,,,,,,,27.100,27.640,27.330,1106300.000,-0.009783,27.210,27.440,224759.000,1.050,1.050,27.450,,-0.009783,-0.001,-0.001,0.006,0.006,-0.003
10725,2001/12/07,,11,1,6035,16090310,CF,CHARTER ONE FINANCIAL INC,,,,N,A,R,9662,12866,1,6021,16090310,,,,,,,,,,,,,,,,,,,,,,,,,27.150,27.560,27.330,647200.000,0.000000,27.220,27.430,224759.000,1.050,1.050,27.250,,0.000000,-0.007,-0.007,0.002,0.002,-0.008
10725,2001/12/10,,11,1,6035,16090310,CF,CHARTER ONE FINANCIAL INC,,,,N,A,R,9662,12866,1,6021,16090310,,,,,,,,,,,,,,,,,,,,,,,,,26.850,27.290,26.880,576800.000,-0.016465,26.770,26.980,224759.000,1.050,1.050,27.100,,-0.016465,-0.015,-0.015,-0.007,-0.007,-0.016
10725,2001/12/11,,11,1,6035,16090310,CF,CHARTER ONE FINANCIAL INC,,,,N,A,R,9662,12866,1,6021,16090310,,,,,,,,,,,,,,,,,,,,,,,,,26.550,27.050,26.810,972800.000,-0.002604,26.680,26.920,224759.000,1.050,1.050,27.050,,-0.002604,-0.002,-0.002,0.003,0.003,-0.003
10725,2001/12/12,,11,1,6035,16090310,CF,CHARTER ONE FINANCIAL INC,,,,N,A,R,9662,12866,1,6021,16090310,,,,,,,,,,,,,,,,,,,,,,,,,26.650,26.950,26.660,247800.000,-0.005595,26.550,26.770,224759.000,1.050,1.050,26.850,,-0.005595,0.001,0.000,0.002,0.002,0.000
10725,2001/12/13,,11,1,6035,16090310,CF,CHARTER ONE FINANCIAL INC,,,,N,A,R,9662,12866,1,6021,16090310,,,,,,,,,,,,,,,,,,,,,,,,,26.310,26.920,26.340,400700.000,-0.012003,25.830,26.490,224759.000,1.050,1.050,26.660,,-0.012003,-0.015,-0.015,-0.008,-0.008,-0.016
10725,2001/12/14,,11,1,6035,16090310,CF,CHARTER ONE FINANCIAL INC,,,,N,A,R,9662,12866,1,6021,16090310,,,,,,,,,,,,,,,,,,,,,,,,,26.090,26.700,26.430,479900.000,0.003417,26.140,27.090,224759.000,1.050,1.050,26.090,,0.003417,0.003,0.003,0.002,0.002,0.003
10725,2001/12/17,,11,1,6035,16090310,CF,CHARTER ONE FINANCIAL INC,,,,N,A,R,9662,12866,1,6021,16090310,,,,,,,,,,,,,,,,,,,,,,,,,26.030,26.870,26.660,471100.000,0.008702,26.280,27.230,224759.000,1.050,1.050,26.680,,0.008702,0.010,0.010,0.005,0.005,0.010
10725,2001/12/18,,11,1,6035,16090310,CF,CHARTER ONE FINANCIAL INC,,,,N,A,R,9662,12866,1,6021,16090310,,,,,,,,,,,,,,,,,,,,,,,,,26.690,27.020,26.760,683100.000,0.003751,26.380,27.410,224759.000,1.050,1.050,26.850,,0.003751,0.008,0.008,0.007,0.007,0.008
10725,2001/12/19,,11,1,6035,16090310,CF,CHARTER ONE FINANCIAL INC,,,,N,A,R,9662,12866,1,6021,16090310,,,,,,,,,,,,,,,,,,,,,,,,,26.510,26.690,26.570,1616300.000,-0.007100,26.570,26.580,224759.000,1.050,1.050,26.650,,-0.007100,0.004,0.004,-0.003,-0.003,0.006
10725,2001/12/20,,11,1,6035,16090310,CF,CHARTER ONE FINANCIAL INC,,,,N,A,R,9662,12866,1,6021,16090310,,,,,,,,,,,,,,,,,,,,,,,,,26.290,26.810,26.760,884700.000,0.007151,26.350,27.020,224759.000,1.050,1.050,26.530,,0.007151,-0.009,-0.009,-0.009,-0.009,-0.008
10725,2001/12/21,,11,1,6035,16090310,CF,CHARTER ONE FINANCIAL INC,,,,N,A,R,9662,12866,1,6021,16090310,,,,,,,,,,,,,,,,,,,,,,,,,26.350,27.090,26.350,1476200.000,-0.015321,26.210,26.950,224759.000,1.050,1.050,27.000,,-0.015321,0.006,0.006,0.010,0.010,0.004
10725,2001/12/24,,11,1,6035,16090310,CF,CHARTER ONE FINANCIAL INC,,,,N,A,R,9662,12866,1,6021,16090310,,,,,,,,,,,,,,,,,,,,,,,,,26.550,27.000,26.750,454000.000,0.015180,26.440,27.210,224759.000,1.050,1.050,26.550,,0.015180,0.000,0.000,0.004,0.004,-0.000
10725,2001/12/26,,11,1,6035,16090310,CF,CHARTER ONE FINANCIAL INC,,,,N,A,R,9662,12866,1,6021,16090310,,,,,,,,,,,,,,,,,,,,,,,,,26.630,26.990,26.840,517800.000,0.003364,26.440,27.110,224759.000,1.050,1.050,26.800,,0.003364,0.005,0.005,0.007,0.007,0.004
10725,2001/12/27,,11,1,6035,16090310,CF,CHARTER ONE FINANCIAL INC,,,,N,A,R,9662,12866,1,6021,16090310,,,,,,,,,,,,,,,,,,,,,,,,,26.780,27.050,26.950,434000.000,0.004098,26.710,27.220,224759.000,1.050,1.050,26.950,,0.004098,0.007,0.007,0.008,0.008,0.007
10725,2001/12/28,,11,1,6035,16090310,CF,CHARTER ONE FINANCIAL INC,,,,N,A,R,9662,12866,1,6021,16090310,,,,,,,,,,,,,,,,,,,,,,,,,26.810,27.310,27.290,458900.000,0.012616,27.000,27.510,224759.000,1.050,1.050,26.810,,0.012616,0.004,0.004,0.009,0.009,0.003
10725,2001/12/31,,11,1,6035,16090310,CF,CHARTER ONE FINANCIAL INC,,,,N,A,R,9662,12866,1,6021,16090310,,,,,,,,0.000,,,,,,,,,,,,,1.000,2.000,0.000,0.000,27.140,27.490,27.150,658400.000,-0.005130,26.950,27.490,224759.000,1.050,1.050,27.200,,-0.005130,-0.010,-0.010,0.007,0.007,-0.011
10725,2002/01/02,2004/02/16,11,1,6035,16090310,CF,CHARTER ONE FINANCIAL INC,,CF,,N,A,R,9662,12866,1,6021,16090310,,,,,,,,2.000,60.000,602.000,,,,,,,,,,,1.000,2.000,0.000,0.000,26.450,27.150,27.050,919000.000,-0.003683,26.750,27.270,224759.000,1.050,1.050,26.920,,-0.003683,0.004,0.004,0.008,0.008,0.006
10725,2002/01/03,,11,1,6035,16090310,CF,CHARTER ONE FINANCIAL INC,,CF,,N,A,R,9662,12866,1,6021,16090310,,,,,,,,,60.000,602.000,,,,,,,,,,,,,,,27.050,27.580,27.200,718100.000,0.005545,26.790,27.440,224759.000,1.050,1.050,27.300,,0.005545,0.010,0.010,0.013,0.013,0.009
10725,2002/01/04,,11,1,6035,16090310,CF,CHARTER ONE FINANCIAL INC,,CF,,N,A,R,9662,12866,1,6021,16090310,,,,,,,,,60.000,602.000,,,,,,,,,,,,,,,27.060,27.560,27.510,715300.000,0.011397,27.370,27.770,224759.000,1.050,1.050,27.060,,0.011397,0.007,0.007,0.011,0.011,0.006
10725,2002/01/07,,11,1,6035,16090310,CF,CHARTER ONE FINANCIAL INC,,CF,,N,A,R,9662,12866,1,6021,16090310,,,,,,,,,60.000,602.000,,,,,,,,,,,,,,,27.050,27.700,27.300,766200.000,-0.007634,26.880,27.510,224759.000,1.050,1.050,27.600,,-0.007634,-0.007,-0.007,-0.000,-0.000,-0.006
10725,2002/01/08,,11,1,6035,16090310,CF,CHARTER ONE FINANCIAL INC,,CF,,N,A,R,9662,12866,1,6021,16090310,,,,,,,,,60.000,602.000,,,,,,,,,,,,,,,26.900,27.350,27.100,473500.000,-0.007326,26.820,27.340,224759.000,1.050,1.050,27.350,,-0.007326,-0.002,-0.003,0.005,0.005,-0.004
10725,2002/01/09,,11,1,6035,16090310,CF,CHARTER ONE FINANCIAL INC,,CF,,N,A,R,9662,12866,1,6021,16090310,,,,,,,,,60.000,602.000,,,,,,,,,,,,,,,27.000,27.460,27.280,888400.000,0.006642,27.000,27.530,224759.000,1.050,1.050,27.000,,0.006642,-0.004,-0.004,0.001,0.001,-0.005
10725,2002/01/10,,11,1,6035,16090310,CF,CHARTER ONE FINANCIAL INC,,CF,,N,A,R,9662,12866,1,6021,16090310,,,,,,,,,60.000,602.000,,,,,,,,,,,,,,,27.220,27.450,27.320,965300.000,0.001466,27.060,27.570,224759.000,1.050,1.050,27.300,,0.001466,0.001,0.001,0.000,0.000,0.001
10725,2002/01/11,,11,1,6035,16090310,CF,CHARTER ONE FINANCIAL INC,,CF,,N,A,R,9662,12866,1,6021,16090310,,,,,,,,,60.000,602.000,,,,,,,,,,,,,,,27.350,27.700,27.370,1014400.000,0.001830,27.110,27.660,224759.000,1.050,1.050,27.500,,0.001830,-0.009,-0.009,-0.004,-0.004,-0.009
10725,2002/01/14,,11,1,6035,16090310,CF,CHARTER ONE FINANCIAL INC,,CF,,N,A,R,9662,12866,1,6021,16090310,,,,,,,,,60.000,602.000,,,,,,,,,,,,,,,26.940,27.530,26.940,616000.000,-0.015711,26.640,27.490,224759.000,1.050,1.050,27.460,,-0.015711,-0.008,-0.008,-0.010,-0.010,-0.006
10725,2002/01/15,,11,1,6035,16090310,CF,CHARTER ONE FINANCIAL INC,,CF,,N,A,R,9662,12866,1,6021,16090310,,,,,,,,,60.000,602.000,,,,,,,,,,,,,,,27.020,27.700,27.620,922500.000,0.025241,27.310,27.820,224759.000,1.050,1.050,27.050,,0.025241,0.006,0.006,0.001,0.001,0.007
10725,2002/01/16,,11,1,6035,16090310,CF,CHARTER ONE FINANCIAL INC,,CF,,N,A,R,9662,12866,1,6021,16090310,,,,,,,,,60.000,602.000,,,,,,,,,,,,,,,27.140,27.620,27.150,577300.000,-0.017017,26.890,27.410,224759.000,1.050,1.050,27.620,,-0.017017,-0.016,-0.016,-0.011,-0.011,-0.016
10725,2002/01/17,,11,1,6035,16090310,CF,CHARTER ONE FINANCIAL INC,,CF,,N,A,R,9662,12866,1,6021,16090310,,,,,,,,,60.000,602.000,,,,,,,,,,,,,,,27.200,27.670,27.220,416400.000,0.002578,26.680,27.620,224759.000,1.050,1.050,27.300,,0.002578,0.010,0.010,0.007,0.007,0.010
10725,2002/01/18,,11,1,6035,16090310,CF,CHARTER ONE FINANCIAL INC,,CF,,N,A,R,9662,12866,1,6021,16090310,,,,,,,,,60.000,602.000,,,,,,,,,,,,,,,27.100,27.500,27.290,476200.000,0.002572,26.950,27.550,224759.000,1.050,1.050,27.210,,0.002572,-0.010,-0.010,-0.006,-0.006,-0.010
10725,2002/01/22,,11,1,6035,16090310,CF,CHARTER ONE FINANCIAL INC,,CF,,N,A,R,9662,12866,1,6021,16090310,,,,,,,,,60.000,602.000,,,,,,,,,,,,,,,27.860,28.890,28.020,997800.000,0.026750,26.970,28.320,224759.000,1.050,1.050,28.800,,0.026750,-0.008,-0.008,-0.008,-0.008,-0.007
10725,2002/01/23,,11,1,6035,16090310,CF,CHARTER ONE FINANCIAL INC,,CF,,N,A,R,9662,12866,1,6021,16090310,,,,,,,,,60.000,602.000,,,,,,,,,,,,,,,28.450,29.470,29.150,1547700.000,0.040328,29.150,29.370,224759.000,1.050,1.050,28.500,,0.040328,0.009,0.009,0.008,0.008,0.008
10725,2002/01/24,,11,1,6035,16090310,CF,CHARTER ONE FINANCIAL INC,,CF,,N,A,R,9662,12866,1,6021,16090310,,,,,,,,,60.000,602.000,,,,,,,,,,,,,,,29.410,29.810,29.750,1368100.000,0.020583,29.450,29.990,224759.000,1.050,1.050,29.550,,0.020583,0.004,0.004,0.006,0.006,0.004
10725,2002/01/25,,11,1,6035,16090310,CF,CHARTER ONE FINANCIAL INC,,CF,,N,A,R,9662,12866,1,6021,16090310,,,,,,,,,60.000,602.000,,,,,,,,,,,,,,,29.590,29.970,29.700,689700.000,-0.001681,29.390,29.950,224759.000,1.050,1.050,29.970,,-0.001681,0.001,0.001,0.000,0.000,0.001
10725,2002/01/28,,11,1,6035,16090310,CF,CHARTER ONE FINANCIAL INC,,CF,,N,A,R,9662,12866,1,6021,16090310,,,,,,,,,60.000,602.000,,,,,,,,,,,,,,,29.510,29.850,29.720,735100.000,0.000673,29.410,29.940,224759.000,1.050,1.050,29.850,,0.000673,0.000,0.000,0.000,0.000,-0.000
10725,2002/01/29,,11,1,6035,16090310,CF,CHARTER ONE FINANCIAL INC,,CF,,N,A,R,9662,12866,1,6021,16090310,,,,,,,,,60.000,602.000,,,,,,,,,,,,,,,28.860,29.990,29.040,1054400.000,-0.022880,28.830,29.350,224759.000,1.050,1.050,29.550,,-0.022880,-0.025,-0.025,-0.011,-0.012,-0.029
10725,2002/01/30,,11,1,6035,16090310,CF,CHARTER ONE FINANCIAL INC,,CF,,N,A,R,9662,12866,1,6021,16090310,,,,,,,,,60.000,602.000,,,,,,,,,,,,,,,28.800,29.640,29.330,1250800.000,0.009986,29.070,29.580,224759.000,1.050,1.050,28.820,,0.009986,0.010,0.010,0.004,0.004,0.012
10725,2002/01/31,,11,1,6035,16090310,CF,CHARTER ONE FINANCIAL INC,,CF,,N,A,R,9662,12866,1,6021,16090310,,,,,,,,0.000,60.000,602.000,,,,,,,,,,,1.000,2.000,0.000,0.000,29.250,29.870,29.780,659200.000,0.015343,29.510,30.020,224759.000,1.050,1.050,29.320,,0.015343,0.013,0.013,0.010,0.009,0.015
10725,2002/02/01,,11,1,6035,16090310,CF,CHARTER ONE FINANCIAL INC,,CF,,N,A,R,9662,12866,1,6021,16090310,,,,,,,,,60.000,602.000,,,,,,,,,,,,,,,29.500,29.870,29.770,561200.000,-0.000336,29.550,30.060,224759.000,1.050,1.050,29.800,,-0.000336,-0.006,-0.006,-0.002,-0.002,-0.007
10725,2002/02/04,,11,1,6035,16090310,CF,CHARTER ONE FINANCIAL INC,,CF,,N,A,R,9662,12866,1,6021,16090310,2002/01/22,,,,,2002/02/20,2002/02/06,0.000,60.000,602.000,1232.000,0.200,0.000,0.000,,,,,,,1.000,2.000,0.000,0.000,29.020,29.650,29.050,924800.000,-0.017467,28.760,29.280,224759.000,1.050,1.050,29.650,,-0.024185,-0.024,-0.024,-0.016,-0.016,-0.025
10725,2002/02/05,,11,1,6035,16090310,CF,CHARTER ONE FINANCIAL INC,,CF,,N,A,R,9662,12866,1,6021,16090310,,,,,,,,,60.000,602.000,,,,,,,,,,,,,,,28.850,29.140,28.870,1243700.000,-0.006196,28.600,29.160,224759.000,1.050,1.050,29.000,,-0.006196,-0.005,-0.005,-0.008,-0.008,-0.004
10725,2002/02/06,,11,1,6035,16090310,CF,CHARTER ONE FINANCIAL INC,,CF,,N,A,R,9662,12866,1,6021,16090310,,,,,,,,,60.000,602.000,,,,,,,,,,,,,,,28.450,28.980,28.460,1132200.000,-0.014202,28.200,28.710,224759.000,1.050,1.050,28.700,,-0.014202,-0.007,-0.007,-0.010,-0.010,-0.006
10725,2002/02/07,,11,1,6035,16090310,CF,CHARTER ONE FINANCIAL INC,,CF,,N,A,R,9662,12866,1,6021,16090310,,,,,,,,,60.000,602.000,,,,,,,,,,,,,,,28.230,28.980,28.300,1459000.000,-0.005622,28.050,28.590,224759.000,1.050,1.050,28.700,,-0.005622,-0.004,-0.004,-0.006,-0.006,-0.003
10725,2002/02/08,,11,1,6035,16090310,CF,CHARTER ONE FINANCIAL INC,,CF,,N,A,R,9662,12866,1,6021,16090310,,,,,,,,,60.000,602.000,,,,,,,,,,,,,,,28.260,28.600,28.300,1252900.000,0.000000,28.130,28.650,224759.000,1.050,1.050,28.350,,0.000000,0.016,0.016,0.012,0.012,0.015
10725,2002/02/11,,11,1,6035,16090310,CF,CHARTER ONE FINANCIAL INC,,CF,,N,A,R,9662,12866,1,6021,16090310,,,,,,,,,60.000,602.000,,,,,,,,,,,,,,,28.460,29.150,29.020,1047200.000,0.025442,28.780,29.300,224759.000,1.050,1.050,28.500,,0.025442,0.013,0.013,0.008,0.008,0.014
10725,2002/02/12,,11,1,6035,16090310,CF,CHARTER ONE FINANCIAL INC,,CF,,N,A,R,9662,12866,1,6021,16090310,,,,,,,,,60.000,602.000,,,,,,,,,,,,,,,28.830,29.200,28.900,876400.000,-0.004135,28.640,29.150,224759.000,1.050,1.050,29.100,,-0.004135,-0.003,-0.003,-0.000,-0.000,-0.004
10725,2002/02/13,,11,1,6035,16090310,CF,CHARTER ONE FINANCIAL INC,,CF,,N,A,R,9662,12866,1,6021,16090310,,,,,,,,,60.000,602.000,,,,,,,,,,,,,,,28.550,29.020,28.970,1312100.000,0.002422,28.690,29.210,224759.000,1.050,1.050,28.900,,0.002422,0.010,0.009,0.006,0.006,0.010
10725,2002/02/14,,11,1,6035,16090310,CF,CHARTER ONE FINANCIAL INC,,CF,,N,A,R,9662,12866,1,6021,16090310,,,,,,,,,60.000,602.000,,,,,,,,,,,,,,,28.750,29.270,29.020,1211400.000,0.001726,28.770,29.290,224759.000,1.050,1.050,28.990,,0.001726,-0.002,-0.003,-0.005,-0.005,-0.002
10725,2002/02/15,,11,1,6035,16090310,CF,CHARTER ONE FINANCIAL INC,,CF,,N,A,R,9662,12866,1,6021,16090310,,,,,,,,,60.000,602.000,,,,,,,,,,,,,,,29.000,29.400,29.220,693400.000,0.006892,28.940,29.460,224759.000,1.050,1.050,29.250,,0.006892,-0.010,-0.010,-0.004,-0.004,-0.011
10725,2002/02/19,,11,1,6035,16090310,CF,CHARTER ONE FINANCIAL INC,,CF,,N,A,R,9662,12866,1,6021,16090310,,,,,,,,,60.000,602.000,,,,,,,,,,,,,,,28.700,29.230,28.720,1011700.000,-0.017112,28.470,28.990,224759.000,1.050,1.050,29.230,,-0.017112,-0.019,-0.019,-0.015,-0.015,-0.019
10725,2002/02/20,,11,1,6035,16090310,CF,CHARTER ONE FINANCIAL INC,,CF,,N,A,R,9662,12866,1,6021,16090310,,,,,,,,,60.000,602.000,,,,,,,,,,,,,,,28.700,29.280,29.150,1085700.000,0.014972,28.890,29.410,224759.000,1.050,1.050,28.700,,0.014972,0.013,0.013,0.005,0.005,0.014
10725,2002/02/21,,11,1,6035,16090310,CF,CHARTER ONE FINANCIAL INC,,CF,,N,A,R,9662,12866,1,6021,16090310,,,,,,,,,60.000,602.000,,,,,,,,,,,,,,,29.250,29.680,29.330,1376300.000,0.006175,29.070,29.580,224759.000,1.050,1.050,29.350,,0.006175,-0.015,-0.015,-0.009,-0.009,-0.016
10725,2002/02/22,,11,1,6035,16090310,CF,CHARTER ONE FINANCIAL INC,,CF,,N,A,R,9662,12866,1,6021,16090310,,,,,,,,,60.000,602.000,,,,,,,,,,,,,,,29.050,29.650,29.320,950600.000,-0.000341,29.060,29.480,224759.000,1.050,1.050,29.480,,-0.000341,0.007,0.007,0.004,0.004,0.008
10725,2002/02/25,,11,1,6035,16090310,CF,CHARTER ONE FINANCIAL INC,,CF,,N,A,R,9662,12866,1,6021,16090310,,,,,,,,,60.000,602.000,,,,,,,,,,,,,,,29.450,29.980,29.740,868900.000,0.014325,29.480,30.000,224759.000,1.050,1.050,29.450,,0.014325,0.016,0.016,0.005,0.005,0.018
10725,2002/02/26,,11,1,6035,16090310,CF,CHARTER ONE FINANCIAL INC,,CF,,N,A,R,9662,12866,1,6021,16090310,,,,,,,,,60.000,602.000,,,,,,,,,,,,,,,29.710,30.300,30.050,880700.000,0.010424,29.840,30.360,224759.000,1.050,1.050,29.710,,0.010424,0.001,0.001,0.003,0.003,-0.000
10725,2002/02/27,,11,1,6035,16090310,CF,CHARTER ONE FINANCIAL INC,,CF,,N,A,R,9662,12866,1,6021,16090310,,,,,,,,,60.000,602.000,,,,,,,,,,,,,,,30.150,30.800,30.300,972000.000,0.008319,30.050,30.560,224759.000,1.050,1.050,30.250,,0.008319,0.001,0.001,0.003,0.003,0.000
10725,2002/02/28,,11,1,6035,16090310,CF,CHARTER ONE FINANCIAL INC,,CF,,N,A,R,9662,12866,1,6021,16090310,,,,,,,,0.000,60.000,602.000,,,,,,,,,,,1.000,2.000,0.000,0.000,30.400,30.900,30.460,857100.000,0.005281,30.260,30.780,224759.000,1.050,1.050,30.450,,0.005281,-0.003,-0.003,-0.001,-0.001,-0.003
10725,2002/03/01,,11,1,6035,16090310,CF,CHARTER ONE FINANCIAL INC,,CF,,N,A,R,9662,12866,1,6021,16090310,,,,,,,,,60.000,602.000,,,,,,,,,,,,,,,30.550,30.990,30.950,630500.000,0.016087,30.690,31.200,224759.000,1.050,1.050,30.700,,0.016087,0.022,0.022,0.012,0.012,0.023
10725,2002/03/04,,11,1,6035,16090310,CF,CHARTER ONE FINANCIAL INC,,CF,,N,A,R,9662,12866,1,6021,16090310,,,,,,,,,60.000,602.000,,,,,,,,,,,,,,,30.990,31.650,31.470,834500.000,0.016801,31.210,31.720,224759.000,1.050,1.050,31.000,,0.016801,0.020,0.020,0.015,0.015,0.019
10725,2002/03/05,,11,1,6035,16090310,CF,CHARTER ONE FINANCIAL INC,,CF,,N,A,R,9662,12866,1,6021,16090310,,,,,,,,,60.000,602.000,,,,,,,,,,,,,,,31.000,31.580,31.080,926600.000,-0.012393,30.800,31.340,224759.000,1.050,1.050,31.500,,-0.012393,-0.005,-0.005,0.003,0.003,-0.007
10725,2002/03/06,,11,1,6035,16090310,CF,CHARTER ONE FINANCIAL INC,,CF,,N,A,R,9662,12866,1,6021,16090310,,,,,,,,,60.000,602.000,,,,,,,,,,,,,,,30.970,31.360,31.320,677000.000,0.007722,31.060,31.060,224759.000,1.050,1.050,31.280,,0.007722,0.014,0.014,0.013,0.012,0.015
10725,2002/03/07,,11,1,6035,16090310,CF,CHARTER ONE FINANCIAL INC,,CF,,N,A,R,9662,12866,1,6021,16090310,,,,,,,,,60.000,602.000,,,,,,,,,,,,,,,30.960,31.690,31.090,928600.000,-0.007344,30.850,31.390,224759.000,1.050,1.050,31.500,,-0.007344,-0.004,-0.004,0.004,0.004,-0.004
10725,2002/03/08,,11,1,6035,16090310,CF,CHARTER ONE FINANCIAL INC,,CF,,N,A,R,9662,12866,1,6021,16090310,,,,,,,,,60.000,602.000,,,,,,,,,,,,,,,31.180,31.600,31.400,1191200.000,0.009971,31.160,31.670,224759.000,1.050,1.050,31.600,,0.009971,0.007,0.007,0.009,0.009,0.006
10725,2002/03/11,,11,1,6035,16090310,CF,CHARTER ONE FINANCIAL INC,,CF,,N,A,R,9662,12866,1,6021,16090310,,,,,,,,,60.000,602.000,,,,,,,,,,,,,,,31.140,31.870,31.800,790900.000,0.012739,31.540,32.050,224759.000,1.050,1.050,31.250,,0.012739,0.003,0.003,0.005,0.005,0.003
10725,2002/03/12,,11,1,6035,16090310,CF,CHARTER ONE FINANCIAL INC,,CF,,N,A,R,9662,12866,1,6021,16090310,,,,,,,,,60.000,602.000,,,,,,,,,,,,,,,31.260,31.800,31.700,853900.000,-0.003145,31.440,32.050,224759.000,1.050,1.050,31.350,,-0.003145,-0.003,-0.003,-0.003,-0.003,-0.002
10725,2002/03/13,,11,1,6035,16090310,CF,CHARTER ONE FINANCIAL INC,,CF,,N,A,R,9662,12866,1,6021,16090310,,,,,,,,,60.000,602.000,,,,,,,,,,,,,,,31.250,31.800,31.260,776200.000,-0.013880,31.020,31.540,224759.000,1.050,1.050,31.550,,-0.013880,-0.009,-0.009,-0.003,-0.004,-0.010
10725,2002/03/14,,11,1,6035,16090310,CF,CHARTER ONE FINANCIAL INC,,CF,,N,A,R,9662,12866,1,6021,16090310,,,,,,,,,60.000,602.000,,,,,,,,,,,,,,,31.020,31.310,31.180,659300.000,-0.002559,30.910,31.480,224759.000,1.050,1.050,31.130,,-0.002559,-0.000,-0.000,0.004,0.004,-0.001
10725,2002/03/15,,11,1,6035,16090310,CF,CHARTER ONE FINANCIAL INC,,CF,,N,A,R,9662,12866,1,6021,16090310,,,,,,,,,60.000,602.000,,,,,,,,,,,,,,,31.300,32.330,32.250,1177600.000,0.034317,31.930,32.470,224759.000,1.050,1.050,31.300,,0.034317,0.010,0.010,0.005,0.005,0.011
10725,2002/03/18,,11,1,6035,16090310,CF,CHARTER ONE FINANCIAL INC,,CF,,N,A,R,9662,12866,1,6021,16090310,,,,,,,,,60.000,602.000,,,,,,,,,,,,,,,31.600,32.320,32.080,633000.000,-0.005271,31.800,32.330,224759.000,1.050,1.050,32.190,,-0.005271,0.001,0.001,0.005,0.005,-0.001
10725,2002/03/19,,11,1,6035,16090310,CF,CHARTER ONE FINANCIAL INC,,CF,,N,A,R,9662,12866,1,6021,16090310,,,,,,,,,60.000,602.000,,,,,,,,,,,,,,,32.050,32.500,32.300,1121300.000,0.006858,32.010,32.530,224759.000,1.050,1.050,32.300,,0.006858,0.003,0.003,0.003,0.003,0.004
10725,2002/03/20,,11,1,6035,16090310,CF,CHARTER ONE FINANCIAL INC,,CF,,N,A,R,9662,12866,1,6021,16090310,,,,,,,,,60.000,602.000,,,,,,,,,,,,,,,32.000,32.350,32.050,1247000.000,-0.007740,31.800,32.310,224759.000,1.050,1.050,32.350,,-0.007740,-0.014,-0.014,-0.006,-0.006,-0.016
10725,2002/03/21,,11,1,6035,16090310,CF,CHARTER ONE FINANCIAL INC,,CF,,N,A,R,9662,12866,1,6021,16090310,,,,,,,,,60.000,602.000,,,,,,,,,,,,,,,30.950,32.000,31.290,1044400.000,-0.023713,31.310,31.330,224759.000,1.050,1.050,32.000,,-0.023713,0.003,0.003,0.006,0.006,0.002
10725,2002/03/22,,11,1,6035,16090310,CF,CHARTER ONE FINANCIAL INC,,CF,,N,A,R,9662,12866,1,6021,16090310,,,,,,,,,60.000,602.000,,,,,,,,,,,,,,,31.250,31.990,31.530,1062200.000,0.007670,31.270,31.790,224759.000,1.050,1.050,31.400,,0.007670,-0.004,-0.004,-0.000,-0.000,-0.004
10725,2002/03/25,,11,1,6035,16090310,CF,CHARTER ONE FINANCIAL INC,,CF,,N,A,R,9662,12866,1,6021,16090310,,,,,,,,,60.000,602.000,,,,,,,,,,,,,,,31.050,31.650,31.140,605900.000,-0.012369,30.840,31.350,224759.000,1.050,1.050,31.650,,-0.012369,-0.014,-0.014,-0.007,-0.007,-0.015
10725,2002/03/26,,11,1,6035,16090310,CF,CHARTER ONE FINANCIAL INC,,CF,,N,A,R,9662,12866,1,6021,16090310,,,,,,,,,60.000,602.000,,,,,,,,,,,,,,,31.050,31.490,31.150,983800.000,0.000321,30.930,31.450,224759.000,1.050,1.050,31.100,,0.000321,0.006,0.006,0.005,0.004,0.006
10725,2002/03/27,,11,1,6035,16090310,CF,CHARTER ONE FINANCIAL INC,,CF,,N,A,R,9662,12866,1,6021,16090310,,,,,,,,,60.000,602.000,,,,,,,,,,,,,,,31.150,31.780,31.300,1690300.000,0.004815,31.280,31.600,224759.000,1.050,1.050,31.150,,0.004815,0.006,0.005,0.006,0.006,0.005
10725,2002/03/28,,11,1,6035,16090310,CF,CHARTER ONE FINANCIAL INC,,CF,,N,A,R,9662,12866,1,6021,16090310,,,,,,,,0.000,60.000,602.000,,,,,,,,,,,1.000,2.000,0.000,0.000,31.200,31.590,31.220,699100.000,-0.002556,30.960,31.310,219306.000,1.050,1.050,31.350,,-0.002556,0.003,0.003,0.006,0.006,0.002
10725,2002/04/01,,11,1,6035,16090310,CF,CHARTER ONE FINANCIAL INC,,CF,,N,A,R,9662,12866,1,6021,16090310,,,,,,,,,60.000,602.000,,,,,,,,,,,,,,,30.770,31.550,31.410,947100.000,0.006086,31.150,31.500,219306.000,1.050,1.050,31.230,,0.006086,-0.001,-0.001,-0.001,-0.001,-0.001
10725,2002/04/02,,11,1,6035,16090310,CF,CHARTER ONE FINANCIAL INC,,CF,,N,A,R,9662,12866,1,6021,16090310,,,,,,,,,60.000,602.000,,,,,,,,,,,,,,,31.160,31.729,31.630,673900.000,0.007004,31.600,31.610,219306.000,1.050,1.050,31.250,,0.007004,-0.009,-0.009,-0.005,-0.005,-0.009
10725,2002/04/03,,11,1,6035,16090310,CF,CHARTER ONE FINANCIAL INC,,CF,,N,A,R,9662,12866,1,6021,16090310,,,,,,,,,60.000,602.000,,,,,,,,,,,,,,,31.150,31.800,31.480,1123100.000,-0.004742,31.350,31.560,219306.000,1.050,1.050,31.500,,-0.004742,-0.009,-0.010,-0.006,-0.006,-0.010
10725,2002/04/04,,11,1,6035,16090310,CF,CHARTER ONE FINANCIAL INC,,CF,,N,A,R,9662,12866,1,6021,16090310,,,,,,,,,60.000,602.000,,,,,,,,,,,,,,,31.370,32.060,31.900,1047000.000,0.013342,31.790,32.000,219306.000,1.050,1.050,31.400,,0.013342,0.001,0.001,0.001,0.001,0.001
10725,2002/04/05,,11,1,6035,16090310,CF,CHARTER ONE FINANCIAL INC,,CF,,N,A,R,9662,12866,1,6021,16090310,,,,,,,,,60.000,602.000,,,,,,,,,,,,,,,32.050,32.990,32.800,1396200.000,0.028213,32.620,32.940,219306.000,1.050,1.050,32.150,,0.028213,-0.003,-0.003,-0.000,-0.000,-0.003
10725,2002/04/08,,11,1,6035,16090310,CF,CHARTER ONE FINANCIAL INC,,CF,,N,A,R,9662,12866,1,6021,16090310,,,,,,,,,60.000,602.000,,,,,,,,,,,,,,,32.550,33.280,33.280,1265100.000,0.014634,33.140,33.360,219306.000,1.050,1.050,32.750,,0.014634,0.003,0.003,0.003,0.002,0.002
10725,2002/04/09,,11,1,6035,16090310,CF,CHARTER ONE FINANCIAL INC,,CF,,N,A,R,9662,12866,1,6021,16090310,,,,,,,,,60.000,602.000,,,,,,,,,,,,,,,33.050,34.300,34.050,2100500.000,0.023137,33.950,34.150,219306.000,1.050,1.050,33.050,,0.023137,-0.006,-0.006,-0.002,-0.002,-0.007
10725,2002/04/10,,11,1,6035,16090310,CF,CHARTER ONE FINANCIAL INC,,CF,,N,A,R,9662,12866,1,6021,16090310,,,,,,,,,60.000,602.000,,,,,,,,,,,,,,,34.000,35.400,35.240,2043900.000,0.034949,35.260,35.270,219306.000,1.050,1.050,34.000,,0.034949,0.011,0.011,0.009,0.008,0.011
10725,2002/04/11,,11,1,6035,16090310,CF,CHARTER ONE FINANCIAL INC,,CF,,N,A,R,9662,12866,1,6021,16090310,,,,,,,,,60.000,602.000,,,,,,,,,,,,,,,34.440,35.330,34.600,1624100.000,-0.018161,34.410,34.760,219306.000,1.050,1.050,35.100,,-0.018161,-0.021,-0.021,-0.010,-0.010,-0.024
10725,2002/04/12,,11,1,6035,16090310,CF,CHARTER ONE FINANCIAL INC,,CF,,N,A,R,9662,12866,1,6021,16090310,,,,,,,,,60.000,602.000,,,,,,,,,,,,,,,34.410,35.150,35.090,1603700.000,0.014162,34.950,35.200,219306.000,1.050,1.050,34.580,,0.014162,0.008,0.008,0.011,0.011,0.007
10725,2002/04/15,,11,1,6035,16090310,CF,CHARTER ONE FINANCIAL INC,,CF,,N,A,R,9662,12866,1,6021,16090310,,,,,,,,,60.000,602.000,,,,,,,,,,,,,,,34.450,35.300,34.570,1022300.000,-0.014819,34.580,34.600,219306.000,1.050,1.050,35.300,,-0.014819,-0.006,-0.006,-0.001,-0.001,-0.008
10725,2002/04/16,,11,1,6035,16090310,CF,CHARTER ONE FINANCIAL INC,,CF,,N,A,R,9662,12866,1,6021,16090310,,,,,,,,,60.000,602.000,,,,,,,,,,,,,,,34.500,35.000,34.610,802100.000,0.001157,34.500,34.720,219306.000,1.050,1.050,34.600,,0.001157,0.022,0.022,0.016,0.016,0.023
10725,2002/04/17,,11,1,6035,16090310,CF,CHARTER ONE FINANCIAL INC,,CF,,N,A,R,9662,12866,1,6021,16090310,,,,,,,,,60.000,602.000,,,,,,,,,,,,,,,34.200,34.600,34.380,1239400.000,-0.006645,34.380,34.390,219306.000,1.050,1.050,34.480,,-0.006645,-0.002,-0.002,0.001,0.001,-0.002
10725,2002/04/18,,11,1,6035,16090310,CF,CHARTER ONE FINANCIAL INC,,CF,,N,A,R,9662,12866,1,6021,16090310,,,,,,,,,60.000,602.000,,,,,,,,,,,,,,,34.030,34.590,34.200,917400.000,-0.005236,34.100,34.350,219306.000,1.050,1.050,34.480,,-0.005236,-0.002,-0.002,0.003,0.003,-0.001
10725,2002/04/19,,11,1,6035,16090310,CF,CHARTER ONE FINANCIAL INC,,CF,,N,A,R,9662,12866,1,6021,16090310,,,,,,,,,60.000,602.000,,,,,,,,,,,,,,,34.450,35.049,34.640,828800.000,0.012865,34.540,34.750,219306.000,1.050,1.050,34.550,,0.012865,0.001,0.001,0.002,0.002,0.001
10725,2002/04/22,,11,1,6035,16090310,CF,CHARTER ONE FINANCIAL INC,,CF,,N,A,R,9662,12866,1,6021,16090310,,,,,,,,,60.000,602.000,,,,,,,,,,,,,,,34.150,34.850,34.250,1047800.000,-0.011259,34.150,34.360,219306.000,1.050,1.050,34.650,,-0.011259,-0.015,-0.015,-0.008,-0.008,-0.015
10725,2002/04/23,,11,1,6035,16090310,CF,CHARTER ONE FINANCIAL INC,,CF,,N,A,R,9662,12866,1,6021,16090310,,,,,,,,,60.000,602.000,,,,,,,,,,,,,,,34.170,35.010,34.590,844600.000,0.009927,34.470,34.690,219306.000,1.050,1.050,34.200,,0.009927,-0.005,-0.005,-0.001,-0.001,-0.006
10725,2002/04/24,,11,1,6035,16090310,CF,CHARTER ONE FINANCIAL INC,,CF,,N,A,R,9662,12866,1,6021,16090310,,,,,,,,,60.000,602.000,,,,,,,,,,,,,,,34.900,35.290,35.120,1062300.000,0.015322,34.990,35.200,219306.000,1.050,1.050,34.900,,0.015322,-0.006,-0.006,-0.002,-0.002,-0.007
10725,2002/04/25,,11,1,6035,16090310,CF,CHARTER ONE FINANCIAL INC,,CF,,N,A,R,9662,12866,1,6021,16090310,,,,,,,,,60.000,602.000,,,,,,,,,,,,,,,34.710,35.380,35.380,1095200.000,0.007403,35.240,35.500,219306.000,1.050,1.050,34.950,,0.007403,-0.002,-0.002,-0.002,-0.002,-0.002
10725,2002/04/26,,11,1,6035,16090310,CF,CHARTER ONE FINANCIAL INC,,CF,,N,A,R,9662,12866,1,6021,16090310,,,,,,,,,60.000,602.000,,,,,,,,,,,,,,,34.980,35.870,35.070,821600.000,-0.008762,34.930,35.180,219306.000,1.050,1.050,35.500,,-0.008762,-0.013,-0.014,-0.009,-0.009,-0.014
10725,2002/04/29,,11,1,6035,16090310,CF,CHARTER ONE FINANCIAL INC,,CF,,N,A,R,9662,12866,1,6021,16090310,,,,,,,,,60.000,602.000,,,,,,,,,,,,,,,34.770,35.200,34.950,678600.000,-0.003422,34.800,35.100,219306.000,1.050,1.050,35.150,,-0.003422,-0.009,-0.009,-0.006,-0.006,-0.010
10725,2002/04/30,,11,1,6035,16090310,CF,CHARTER ONE FINANCIAL INC,,CF,,N,A,R,9662,12866,1,6021,16090310,,,,,,,,0.000,60.000,602.000,,,,,,,,,,,1.000,2.000,0.000,0.000,34.850,35.580,35.380,918200.000,0.012303,35.300,35.550,219306.000,1.050,1.050,35.000,,0.012303,0.012,0.012,0.010,0.010,0.011
10725,2002/05/01,,11,1,6035,16090310,CF,CHARTER ONE FINANCIAL INC,,CF,,N,A,R,9662,12866,1,6021,16090310,,,,,,,,,60.000,602.000,,,,,,,,,,,,,,,34.970,35.500,35.250,907600.000,-0.003674,35.140,35.350,219306.000,1.050,1.050,35.380,,-0.003674,0.008,0.007,0.001,0.001,0.009
10725,2002/05/02,,11,1,6035,16090310,CF,CHARTER ONE FINANCIAL INC,,CF,,N,A,R,9662,12866,1,6021,16090310,2002/04/23,,,,,2002/05/20,2002/05/06,0.000,60.000,602.000,1232.000,0.220,0.000,0.000,,,,,,,1.000,2.000,0.000,0.000,34.800,35.270,35.000,954400.000,-0.000851,34.860,35.100,219306.000,1.050,1.050,35.000,,-0.007092,-0.002,-0.002,0.000,0.000,-0.002
10725,2002/05/03,,11,1,6035,16090310,CF,CHARTER ONE FINANCIAL INC,,CF,,N,A,R,9662,12866,1,6021,16090310,,,,,,,,,60.000,602.000,,,,,,,,,,,,,,,34.750,35.150,34.980,771800.000,-0.000571,34.900,35.080,219306.000,1.050,1.050,35.150,,-0.000571,-0.009,-0.009,-0.002,-0.002,-0.010
10725,2002/05/06,,11,1,6035,16090310,CF,CHARTER ONE FINANCIAL INC,,CF,,N,A,R,9662,12866,1,6021,16090310,,,,,,,,,60.000,602.000,,,,,,,,,,,,,,,34.520,35.350,34.660,579200.000,-0.009148,34.460,34.670,219306.000,1.050,1.050,35.000,,-0.009148,-0.018,-0.018,-0.011,-0.011,-0.019
10725,2002/05/07,,11,1,6035,16090310,CF,CHARTER ONE FINANCIAL INC,,CF,,N,A,R,9662,12866,1,6021,16090310,,,,,,,,,60.000,602.000,,,,,,,,,,,,,,,34.000,34.950,34.290,1281000.000,-0.010675,34.160,34.390,219306.000,1.050,1.050,34.950,,-0.010675,-0.004,-0.004,-0.006,-0.006,-0.003
10725,2002/05/08,,11,1,6035,16090310,CF,CHARTER ONE FINANCIAL INC,,CF,,N,A,R,9662,12866,1,6021,16090310,,,,,,,,,60.000,602.000,,,,,,,,,,,,,,,33.390,34.900,33.500,1546800.000,-0.023039,33.390,33.610,219306.000,1.050,1.050,34.900,,-0.023039,0.034,0.034,0.019,0.019,0.038
10725,2002/05/09,,11,1,6035,16090310,CF,CHARTER ONE FINANCIAL INC,,CF,,N,A,R,9662,12866,1,6021,16090310,,,,,,,,,60.000,602.000,,,,,,,,,,,,,,,32.970,33.610,33.400,1613500.000,-0.002985,33.350,33.370,219306.000,1.050,1.050,33.000,,-0.002985,-0.014,-0.014,-0.008,-0.008,-0.015
10725,2002/05/10,,11,1,6035,16090310,CF,CHARTER ONE FINANCIAL INC,,CF,,N,A,R,9662,12866,1,6021,16090310,,,,,,,,,60.000,602.000,,,,,,,,,,,,,,,33.160,33.570,33.230,838700.000,-0.005090,33.120,33.340,219306.000,1.050,1.050,33.390,,-0.005090,-0.015,-0.015,-0.008,-0.008,-0.017
10725,2002/05/13,,11,1,6035,16090310,CF,CHARTER ONE FINANCIAL INC,,CF,,N,A,R,9662,12866,1,6021,16090310,,,,,,,,,60.000,602.000,,,,,,,,,,,,,,,32.980,33.700,33.660,422400.000,0.012940,33.610,33.760,219306.000,1.050,1.050,33.130,,0.012940,0.017,0.017,0.007,0.007,0.019
10725,2002/05/14,,11,1,6035,16090310,CF,CHARTER ONE FINANCIAL INC,,CF,,N,A,R,9662,12866,1,6021,16090310,,,,,,,,,60.000,602.000,,,,,,,,,,,,,,,33.600,34.480,34.400,926100.000,0.021985,34.280,34.500,219306.000,1.050,1.050,33.760,,0.021985,0.021,0.021,0.015,0.015,0.021
10725,2002/05/15,,11,1,6035,16090310,CF,CHARTER ONE FINANCIAL INC,,CF,,N,A,R,9662,12866,1,6021,16090310,,,,,,,,,60.000,602.000,,,,,,,,,,,,,,,34.520,35.200,35.200,1409300.000,0.023256,34.970,35.210,219306.000,1.050,1.050,34.580,,0.023256,-0.003,-0.004,0.001,0.001,-0.006
10725,2002/05/16,,11,1,6035,16090310,CF,CHARTER ONE FINANCIAL INC,,CF,,N,A,R,9662,12866,1,6021,16090310,,,,,,,,,60.000,602.000,,,,,,,,,,,,,,,35.200,35.540,35.400,1097000.000,0.005682,35.380,35.390,219306.000,1.050,1.050,35.200,,0.005682,0.004,0.003,-0.001,-0.001,0.007
10725,2002/05/17,,11,1,6035,16090310,CF,CHARTER ONE FINANCIAL INC,,CF,,N,A,R,9662,12866,1,6021,16090310,,,,,,,,,60.000,602.000,,,,,,,,,,,,,,,35.530,36.200,35.950,1122800.000,0.015537,35.770,36.000,219306.000,1.050,1.050,35.700,,0.015537,0.007,0.007,0.004,0.004,0.008
10725,2002/05/20,,11,1,6035,16090310,CF,CHARTER ONE FINANCIAL INC,,CF,,N,A,R,9662,12866,1,6021,16090310,,,,,,,,,60.000,602.000,,,,,,,,,,,,,,,35.021,35.720,35.150,831900.000,-0.022253,35.050,35.220,219306.000,1.050,1.050,35.720,,-0.022253,-0.012,-0.012,-0.006,-0.006,-0.013
10725,2002/05/21,,11,1,6035,16090310,CF,CHARTER ONE FINANCIAL INC,,CF,,N,A,R,9662,12866,1,6021,16090310,,,,,,,,,60.000,602.000,,,,,,,,,,,,,,,34.850,35.590,35.000,401000.000,-0.004267,34.850,35.060,219306.000,1.050,1.050,35.150,,-0.004267,-0.011,-0.011,-0.009,-0.009,-0.011
10725,2002/05/22,,11,1,6035,16090310,CF,CHARTER ONE FINANCIAL INC,,CF,,N,A,R,9662,12866,1,6021,16090310,,,,,,,,,60.000,602.000,,,,,,,,,,,,,,,34.400,35.200,34.880,1052600.000,-0.003429,34.790,35.000,219306.000,1.050,1.050,35.000,,-0.003429,0.004,0.004,-0.002,-0.002,0.006
10725,2002/05/23,,11,1,6035,16090310,CF,CHARTER ONE FINANCIAL INC,,CF,,N,A,R,9662,12866,1,6021,16090310,,,,,,,,,60.000,602.000,,,,,,,,,,,,,,,34.850,35.620,35.620,725800.000,0.021216,35.510,35.720,219306.000,1.050,1.050,34.880,,0.021216,0.010,0.010,0.007,0.007,0.010
10725,2002/05/24,,11,1,6035,16090310,CF,CHARTER ONE FINANCIAL INC,,CF,,N,A,R,9662,12866,1,6021,16090310,,,,,,,,,60.000,602.000,,,,,,,,,,,,,,,35.300,35.800,35.680,790900.000,0.001684,35.550,35.810,219306.000,1.050,1.050,35.550,,0.001684,-0.011,-0.011,-0.005,-0.005,-0.012
10725,2002/05/28,,11,1,6035,16090310,CF,CHARTER ONE FINANCIAL INC,,CF,,N,A,R,9662,12866,1,6021,16090310,,,,,,,,,60.000,602.000,,,,,,,,,,,,,,,35.050,35.810,35.200,579900.000,-0.013453,35.100,35.310,219306.000,1.050,1.050,35.680,,-0.013453,-0.007,-0.007,-0.002,-0.002,-0.009
10725,2002/05/29,,11,1,6035,16090310,CF,CHARTER ONE FINANCIAL INC,,CF,,N,A,R,9662,12866,1,6021,16090310,,,,,,,,,60.000,602.000,,,,,,,,,,,,,,,35.030,35.470,35.250,434400.000,0.001420,35.170,35.390,219306.000,1.050,1.050,35.200,,0.001420,-0.007,-0.007,-0.006,-0.006,-0.006
10725,2002/05/30,,11,1,6035,16090310,CF,CHARTER ONE FINANCIAL INC,,CF,,N,A,R,9662,12866,1,6021,16090310,,,,,,,,,60.000,602.000,,,,,,,,,,,,,,,35.160,35.640,35.600,1049200.000,0.009929,35.530,35.640,219306.000,1.050,1.050,35.200,,0.009929,-0.002,-0.002,-0.001,-0.001,-0.003
10725,2002/05/31,,11,1,6035,16090310,CF,CHARTER ONE FINANCIAL INC,,CF,,N,A,R,9662,12866,1,6021,16090310,,,,,,,,0.000,60.000,602.000,,,,,,,,,,,1.000,2.000,0.000,0.000,35.540,36.200,36.200,1100600.000,0.016854,36.070,36.310,220366.000,1.050,1.050,35.750,,0.016854,0.002,0.002,0.003,0.003,0.002
10725,2002/06/03,,11,1,6035,16090310,CF,CHARTER ONE FINANCIAL INC,,CF,,N,A,R,9662,12866,1,6021,16090310,,,,,,,,,60.000,602.000,,,,,,,,,,,,,,,36.010,36.510,36.010,1080100.000,-0.005249,36.010,36.020,220366.000,1.050,1.050,36.150,,-0.005249,-0.024,-0.024,-0.018,-0.018,-0.025
10725,2002/06/04,,11,1,6035,16090310,CF,CHARTER ONE FINANCIAL INC,,CF,,N,A,R,9662,12866,1,6021,16090310,,,,,,,,,60.000,602.000,,,,,,,,,,,,,,,35.350,36.150,35.520,726500.000,-0.013607,35.360,35.640,220366.000,1.050,1.050,36.150,,-0.013607,-0.001,-0.001,-0.004,-0.004,0.000
10725,2002/06/05,,11,1,6035,16090310,CF,CHARTER ONE FINANCIAL INC,,CF,,N,A,R,9662,12866,1,6021,16090310,,,,,,,,,60.000,602.000,,,,,,,,,,,,,,,35.200,35.850,35.520,539200.000,0.000000,35.500,35.610,220366.000,1.050,1.050,35.300,,0.000000,0.008,0.007,0.000,0.000,0.009
10725,2002/06/06,,11,1,6035,16090310,CF,CHARTER ONE FINANCIAL INC,,CF,,N,A,R,9662,12866,1,6021,16090310,,,,,,,,,60.000,602.000,,,,,,,,,,,,,,,34.730,35.570,34.810,524800.000,-0.019989,34.790,34.810,220366.000,1.050,1.050,35.500,,-0.019989,-0.018,-0.018,-0.015,-0.015,-0.020
10725,2002/06/07,,11,1,6035,16090310,CF,CHARTER ONE FINANCIAL INC,,CF,,N,A,R,9662,12866,1,6021,16090310,,,,,,,,,60.000,602.000,,,,,,,,,,,,,,,34.800,35.470,35.310,879700.000,0.014364,35.330,35.450,220366.000,1.050,1.050,34.810,,0.014364,-0.000,-0.000,0.002,0.002,-0.002
10725,2002/06/10,,11,1,6035,16090310,CF,CHARTER ONE FINANCIAL INC,,CF,,N,A,R,9662,12866,1,6021,16090310,,,,,,,,,60.000,602.000,,,,,,,,,,,,,,,35.300,35.700,35.670,596100.000,0.010195,35.500,35.710,220366.000,1.050,1.050,35.310,,0.010195,0.002,0.002,-0.003,-0.003,0.003
10725,2002/06/11,,11,1,6035,16090310,CF,CHARTER ONE FINANCIAL INC,,CF,,N,A,R,9662,12866,1,6021,16090310,,,,,,,,,60.000,602.000,,,,,,,,,,,,,,,35.250,36.100,35.300,796700.000,-0.010373,35.170,35.440,220366.000,1.050,1.050,35.740,,-0.010373,-0.016,-0.016,-0.009,-0.009,-0.017
10725,2002/06/12,,11,1,6035,16090310,CF,CHARTER ONE FINANCIAL INC,,CF,,N,A,R,9662,12866,1,6021,16090310,,,,,,,,,60.000,602.000,,,,,,,,,,,,,,,35.000,35.700,35.620,853500.000,0.009065,35.490,35.720,220366.000,1.050,1.050,35.200,,0.009065,0.005,0.004,-0.004,-0.005,0.007
10725,2002/06/13,,11,1,6035,16090310,CF,CHARTER ONE FINANCIAL INC,,CF,,N,A,R,9662,12866,1,6021,16090310,,,,,,,,,60.000,602.000,,,,,,,,,,,,,,,34.700,35.700,34.700,567400.000,-0.025828,34.590,34.820,220366.000,1.050,1.050,35.500,,-0.025828,-0.010,-0.010,-0.007,-0.007,-0.010
10725,2002/06/14,,11,1,6035,16090310,CF,CHARTER ONE FINANCIAL INC,,CF,,N,A,R,9662,12866,1,6021,16090310,,,,,,,,,60.000,602.000,,,,,,,,,,,,,,,33.720,34.780,34.560,963400.000,-0.004035,34.400,34.660,220366.000,1.050,1.050,34.550,,-0.004035,-0.001,-0.001,0.000,0.000,-0.002
10725,2002/06/17,,11,1,6035,16090310,CF,CHARTER ONE FINANCIAL INC,,CF,,N,A,R,9662,12866,1,6021,16090310,,,,,,,,,60.000,602.000,,,,,,,,,,,,,,,34.550,35.700,35.650,798800.000,0.031539,35.540,35.750,220366.000,1.050,1.050,34.590,,0.031539,0.027,0.027,0.015,0.015,0.029
10725,2002/06/18,,11,1,6035,16090310,CF,CHARTER ONE FINANCIAL INC,,CF,,N,A,R,9662,12866,1,6021,16090310,,,,,,,,,60.000,602.000,,,,,,,,,,,,,,,35.100,35.860,35.800,662800.000,0.004208,35.680,35.900,220366.000,1.050,1.050,35.470,,0.004208,0.000,0.000,-0.000,-0.001,0.001
10725,2002/06/19,,11,1,6035,16090310,CF,CHARTER ONE FINANCIAL INC,,CF,,N,A,R,9662,12866,1,6021,16090310,,,,,,,,,60.000,602.000,,,,,,,,,,,,,,,35.300,35.800,35.610,641400.000,-0.005307,35.610,35.620,220366.000,1.050,1.050,35.700,,-0.005307,-0.016,-0.016,-0.014,-0.015,-0.017
10725,2002/06/20,,11,1,6035,16090310,CF,CHARTER ONE FINANCIAL INC,,CF,,N,A,R,9662,12866,1,6021,16090310,,,,,,,,,60.000,602.000,,,,,,,,,,,,,,,35.330,35.850,35.400,423700.000,-0.005897,35.400,35.410,220366.000,1.050,1.050,35.610,,-0.005897,-0.013,-0.013,-0.004,-0.004,-0.013
10725,2002/06/21,,11,1,6035,16090310,CF,CHARTER ONE FINANCIAL INC,,CF,,N,A,R,9662,12866,1,6021,16090310,,,,,,,,,60.000,602.000,,,,,,,,,,,,,,,34.840,35.310,35.040,902700.000,-0.010170,34.830,35.190,220366.000,1.050,1.050,34.850,,-0.010170,-0.014,-0.014,-0.002,-0.002,-0.017
10725,2002/06/24,,11,1,6035,16090310,CF,CHARTER ONE FINANCIAL INC,,CF,,N,A,R,9662,12866,1,6021,16090310,,,,,,,,,60.000,602.000,,,,,,,,,,,,,,,33.990,35.000,34.290,1086000.000,-0.021404,34.170,34.420,220366.000,1.050,1.050,35.000,,-0.021404,0.001,0.001,-0.005,-0.005,0.004
10725,2002/06/25,,11,1,6035,16090310,CF,CHARTER ONE FINANCIAL INC,,CF,,N,A,R,9662,12866,1,6021,16090310,,,,,,,,,60.000,602.000,,,,,,,,,,,,,,,33.680,34.500,33.690,991700.000,-0.017498,33.580,33.800,220366.000,1.050,1.050,34.280,,-0.017498,-0.015,-0.015,-0.008,-0.008,-0.017
10725,2002/06/26,,11,1,6035,16090310,CF,CHARTER ONE FINANCIAL INC,,CF,,N,A,R,9662,12866,1,6021,16090310,,,,,,,,,60.000,602.000,,,,,,,,,,,,,,,32.400,33.280,33.100,1008400.000,-0.017513,32.930,33.150,220366.000,1.050,1.050,32.500,,-0.017513,-0.003,-0.004,-0.008,-0.009,-0.003
10725,2002/06/27,,11,1,6035,16090310,CF,CHARTER ONE FINANCIAL INC,,CF,,N,A,R,9662,12866,1,6021,16090310,,,,,,,,,60.000,602.000,,,,,,,,,,,,,,,33.160,33.710,33.700,1272000.000,0.018127,33.590,33.800,220366.000,1.050,1.050,33.220,,0.018127,0.016,0.016,0.012,0.011,0.018
10725,2002/06/28,,11,1,6035,16090310,CF,CHARTER ONE FINANCIAL INC,,CF,,N,A,R,9662,12866,1,6021,16090310,,,,,,,,0.000,60.000,602.000,,,,,,,,,,,1.000,2.000,0.000,0.000,33.490,34.660,34.380,886500.000,0.020178,34.160,34.410,220366.000,1.050,1.050,33.800,,0.020178,0.002,0.002,0.012,0.012,-0.001
10725,2002/07/01,,11,1,6035,16090310,CF,CHARTER ONE FINANCIAL INC,,CF,,N,A,R,9662,12866,1,6021,16090310,,,,,,,,,60.000,602.000,,,,,,,,,,,,,,,33.760,34.500,33.940,603000.000,-0.012798,33.790,34.050,220366.000,1.050,1.050,34.500,,-0.012798,-0.022,-0.022,-0.019,-0.019,-0.021
10725,2002/07/02,,11,1,6035,16090310,CF,CHARTER ONE FINANCIAL INC,,CF,,N,A,R,9662,12866,1,6021,16090310,,,,,,,,,60.000,602.000,,,,,,,,,,,,,,,33.850,34.410,34.230,1584500.000,0.008545,34.110,34.330,220366.000,1.050,1.050,34.000,,0.008545,-0.022,-0.023,-0.023,-0.023,-0.021
10725,2002/07/03,,11,1,6035,16090310,CF,CHARTER ONE FINANCIAL INC,,CF,,N,A,R,9662,12866,1,6021,16090310,,,,,,,,,60.000,602.000,,,,,,,,,,,,,,,33.020,34.100,33.640,984600.000,-0.017236,33.450,33.660,220366.000,1.050,1.050,34.100,,-0.017236,0.004,0.004,-0.005,-0.005,0.006
10725,2002/07/05,,11,1,6035,16090310,CF,CHARTER ONE FINANCIAL INC,,CF,,N,A,R,9662,12866,1,6021,16090310,,,,,,,,,60.000,602.000,,,,,,,,,,,,,,,33.740,34.640,34.640,187100.000,0.029727,34.530,34.740,220366.000,1.050,1.050,33.800,,0.029727,0.034,0.034,0.022,0.022,0.037
10725,2002/07/08,,11,1,6035,16090310,CF,CHARTER ONE FINANCIAL INC,,CF,,N,A,R,9662,12866,1,6021,16090310,,,,,,,,,60.000,602.000,,,,,,,,,,,,,,,34.650,35.090,34.850,1407500.000,0.006062,34.740,34.960,220366.000,1.050,1.050,34.800,,0.006062,-0.011,-0.012,-0.008,-0.008,-0.012
10725,2002/07/09,,11,1,6035,16090310,CF,CHARTER ONE FINANCIAL INC,,CF,,N,A,R,9662,12866,1,6021,16090310,,,,,,,,,60.000,602.000,,,,,,,,,,,,,,,34.000,34.980,34.000,1161000.000,-0.024390,34.000,34.300,220366.000,1.050,1.050,34.750,,-0.024390,-0.022,-0.022,-0.007,-0.007,-0.025
10725,2002/07/10,,11,1,6035,16090310,CF,CHARTER ONE FINANCIAL INC,,CF,,N,A,R,9662,12866,1,6021,16090310,,,,,,,,,60.000,602.000,,,,,,,,,,,,,,,32.780,34.000,33.060,1243500.000,-0.027647,32.920,33.160,220366.000,1.050,1.050,33.830,,-0.027647,-0.030,-0.030,-0.016,-0.016,-0.034
10725,2002/07/11,,11,1,6035,16090310,CF,CHARTER ONE FINANCIAL INC,,CF,,N,A,R,9662,12866,1,6021,16090310,,,,,,,,,60.000,602.000,,,,,,,,,,,,,,,32.200,33.060,32.900,1126400.000,-0.004840,32.800,33.050,220366.000,1.050,1.050,33.060,,-0.004840,0.005,0.005,-0.004,-0.004,0.007
10725,2002/07/12,,11,1,6035,16090310,CF,CHARTER ONE FINANCIAL INC,,CF,,N,A,R,9662,12866,1,6021,16090310,,,,,,,,,60.000,602.000,,,,,,,,,,,,,,,32.120,32.900,32.480,910600.000,-0.012766,32.230,32.470,220366.000,1.050,1.050,32.750,,-0.012766,-0.006,-0.006,-0.002,-0.002,-0.006
10725,2002/07/15,,11,1,6035,16090310,CF,CHARTER ONE FINANCIAL INC,,CF,,N,A,R,9662,12866,1,6021,16090310,,,,,,,,,60.000,602.000,,,,,,,,,,,,,,,29.900,31.940,31.710,1600600.000,-0.023707,31.690,31.700,220366.000,1.050,1.050,31.780,,-0.023707,-0.005,-0.005,-0.010,-0.010,-0.004
10725,2002/07/16,,11,1,6035,16090310,CF,CHARTER ONE FINANCIAL INC,,CF,,N,A,R,9662,12866,1,6021,16090310,,,,,,,,,60.000,602.000,,,,,,,,,,,,,,,30.750,31.850,31.400,1403300.000,-0.009776,31.310,31.520,220366.000,1.050,1.050,31.200,,-0.009776,-0.014,-0.014,-0.000,-0.000,-0.018
