PERMNO,date,NAMEENDT,SHRCD,EXCHCD,SICCD,NCUSIP,TICKER,COMNAM,SHRCLS,TSYMBOL,NAICS,PRIMEXCH,TRDSTAT,SECSTAT,PERMCO,ISSUNO,HEXCD,HSICCD,CUSIP,DCLRDT,DLAMT,DLPDT,DLSTCD,NEXTDT,PAYDT,RCRDDT,SHRFLG,HSICMG,HSICIG,DISTCD,DIVAMT,FACPR,FACSHR,ACPERM,ACCOMP,NWPERM,DLRETX,DLPRC,DLRET,TRTSCD,NMSIND,MMCNT,NSDINX,BIDLO,ASKHI,PRC,VOL,RET,BID,ASK,SHROUT,CFACPR,CFACSHR,OPENPRC,NUMTRD,RETX,vwretd,vwretx,ewretd,ewretx,sprtrn
14889,2014/09/24,2015/04/05,11,1,6022,17461010,CFG,CITIZENS FINANCIAL GROUP INC,,CFG,522110,N,A,R,55006,0,1,6022,17461010,,,,,,,,2.000,60.000,602.000,,,,,,,,,,,,,,,21.350,23.220,23.080,60456032.000,C,23.080,23.090,559998.000,1.000,1.000,21.500,,C,0.007,0.007,0.004,0.004,0.008
14889,2014/09/25,,11,1,6022,17461010,CFG,CITIZENS FINANCIAL GROUP INC,,CFG,522110,N,A,R,55006,0,1,6022,17461010,,,,,,,,,60.000,602.000,,,,,,,,,,,,,,,22.450,23.410,23.050,8430850.000,-0.001300,23.120,23.200,559998.000,1.000,1.000,22.560,,-0.001300,-0.016,-0.016,-0.012,-0.012,-0.016
14889,2014/09/26,,11,1,6022,17461010,CFG,CITIZENS FINANCIAL GROUP INC,,CFG,522110,N,A,R,55006,0,1,6022,17461010,,,,,,,,,60.000,602.000,,,,,,,,,,,,,,,22.910,23.370,23.250,2504353.000,0.008677,23.150,23.170,559998.000,1.000,1.000,23.180,,0.008677,0.008,0.008,0.006,0.006,0.009
14889,2014/09/29,,11,1,6022,17461010,CFG,CITIZENS FINANCIAL GROUP INC,,CFG,522110,N,A,R,55006,0,1,6022,17461010,,,,,,,,,60.000,602.000,,,,,,,,,,,,,,,22.910,23.450,23.230,4832916.000,-0.000860,23.240,23.250,559998.000,1.000,1.000,23.140,,-0.000860,-0.002,-0.002,-0.002,-0.002,-0.003
14889,2014/09/30,,11,1,6022,17461010,CFG,CITIZENS FINANCIAL GROUP INC,,CFG,522110,N,A,R,55006,0,1,6022,17461010,,,,,,,,0.000,60.000,602.000,,,,,,,,,,,,,,,23.050,23.570,23.420,4103103.000,0.008179,23.450,23.460,559998.000,1.000,1.000,23.110,,0.008179,-0.004,-0.004,-0.006,-0.006,-0.003
14889,2014/10/01,,11,1,6022,17461010,CFG,CITIZENS FINANCIAL GROUP INC,,CFG,522110,N,A,R,55006,0,1,6022,17461010,,,,,,,,,60.000,602.000,,,,,,,,,,,,,,,23.110,23.610,23.440,3915508.000,0.000854,23.490,23.500,559998.000,1.000,1.000,23.220,,0.000854,-0.013,-0.013,-0.013,-0.013,-0.013
14889,2014/10/02,,11,1,6022,17461010,CFG,CITIZENS FINANCIAL GROUP INC,,CFG,522110,N,A,R,55006,0,1,6022,17461010,,,,,,,,,60.000,602.000,,,,,,,,,,,,,,,23.303,23.590,23.340,3121384.000,-0.004266,23.340,23.360,559998.000,1.000,1.000,23.340,,-0.004266,0.001,0.001,0.003,0.003,0.000
14889,2014/10/03,,11,1,6022,17461010,CFG,CITIZENS FINANCIAL GROUP INC,,CFG,522110,N,A,R,55006,0,1,6022,17461010,,,,,,,,,60.000,602.000,,,,,,,,,,,,,,,23.010,23.470,23.230,1585901.000,-0.004713,23.270,23.300,559998.000,1.000,1.000,23.380,,-0.004713,0.009,0.009,0.005,0.005,0.011
14889,2014/10/06,,11,1,6022,17461010,CFG,CITIZENS FINANCIAL GROUP INC,,CFG,522110,N,A,R,55006,0,1,6022,17461010,,,,,,,,,60.000,602.000,,,,,,,,,,,,,,,22.610,23.370,22.640,1208403.000,-0.025398,22.670,22.680,559998.000,1.000,1.000,23.280,,-0.025398,-0.002,-0.002,-0.004,-0.004,-0.002
14889,2014/10/07,,11,1,6022,17461010,CFG,CITIZENS FINANCIAL GROUP INC,,CFG,522110,N,A,R,55006,0,1,6022,17461010,,,,,,,,,60.000,602.000,,,,,,,,,,,,,,,22.260,22.740,22.520,1508726.000,-0.005300,22.490,22.500,559998.000,1.000,1.000,22.560,,-0.005300,-0.015,-0.015,-0.013,-0.013,-0.015
14889,2014/10/08,,11,1,6022,17461010,CFG,CITIZENS FINANCIAL GROUP INC,,CFG,522110,N,A,R,55006,0,1,6022,17461010,,,,,,,,,60.000,602.000,,,,,,,,,,,,,,,22.110,23.150,22.750,1649208.000,0.010213,22.760,22.770,559998.000,1.000,1.000,22.110,,0.010213,0.016,0.016,0.009,0.009,0.017
14889,2014/10/09,,11,1,6022,17461010,CFG,CITIZENS FINANCIAL GROUP INC,,CFG,522110,N,A,R,55006,0,1,6022,17461010,,,,,,,,,60.000,602.000,,,,,,,,,,,,,,,22.240,23.000,22.480,1229058.000,-0.011868,22.440,22.460,559998.000,1.000,1.000,23.000,,-0.011868,-0.021,-0.021,-0.020,-0.020,-0.021
14889,2014/10/10,,11,1,6022,17461010,CFG,CITIZENS FINANCIAL GROUP INC,,CFG,522110,N,A,R,55006,0,1,6022,17461010,,,,,,,,,60.000,602.000,,,,,,,,,,,,,,,22.135,22.560,22.280,924069.000,-0.008897,22.270,22.280,559998.000,1.000,1.000,22.390,,-0.008897,-0.013,-0.013,-0.013,-0.013,-0.011
14889,2014/10/13,,11,1,6022,17461010,CFG,CITIZENS FINANCIAL GROUP INC,,CFG,522110,N,A,R,55006,0,1,6022,17461010,,,,,,,,,60.000,602.000,,,,,,,,,,,,,,,22.120,22.660,22.450,1382774.000,0.007630,22.430,22.440,559998.000,1.000,1.000,22.130,,0.007630,-0.016,-0.016,-0.007,-0.007,-0.016
14889,2014/10/14,,11,1,6022,17461010,CFG,CITIZENS FINANCIAL GROUP INC,,CFG,522110,N,A,R,55006,0,1,6022,17461010,,,,,,,,,60.000,602.000,,,,,,,,,,,,,,,22.300,22.790,22.450,1605776.000,0.000000,22.430,22.450,559998.000,1.000,1.000,22.500,,0.000000,0.002,0.002,0.003,0.003,0.002
14889,2014/10/15,,11,1,6022,17461010,CFG,CITIZENS FINANCIAL GROUP INC,,CFG,522110,N,A,R,55006,0,1,6022,17461010,,,,,,,,,60.000,602.000,,,,,,,,,,,,,,,21.500,22.200,21.850,3405401.000,-0.026726,21.840,21.850,559998.000,1.000,1.000,22.130,,-0.026726,-0.005,-0.005,0.003,0.003,-0.008
14889,2014/10/16,,11,1,6022,17461010,CFG,CITIZENS FINANCIAL GROUP INC,,CFG,522110,N,A,R,55006,0,1,6022,17461010,,,,,,,,,60.000,602.000,,,,,,,,,,,,,,,21.470,21.950,21.800,3105758.000,-0.002288,21.800,21.810,559998.000,1.000,1.000,21.510,,-0.002288,0.004,0.004,0.012,0.012,0.000
14889,2014/10/17,,11,1,6022,17461010,CFG,CITIZENS FINANCIAL GROUP INC,,CFG,522110,N,A,R,55006,0,1,6022,17461010,,,,,,,,,60.000,602.000,,,,,,,,,,,,,,,21.730,22.070,21.920,2750608.000,0.005505,21.890,21.910,559998.000,1.000,1.000,21.890,,0.005505,0.011,0.011,0.004,0.004,0.013
14889,2014/10/20,,11,1,6022,17461010,CFG,CITIZENS FINANCIAL GROUP INC,,CFG,522110,N,A,R,55006,0,1,6022,17461010,,,,,,,,,60.000,602.000,,,,,,,,,,,,,,,21.820,22.380,22.380,1870599.000,0.020985,22.330,22.350,559998.000,1.000,1.000,21.820,,0.020985,0.009,0.009,0.008,0.008,0.009
14889,2014/10/21,,11,1,6022,17461010,CFG,CITIZENS FINANCIAL GROUP INC,,CFG,522110,N,A,R,55006,0,1,6022,17461010,,,,,,,,,60.000,602.000,,,,,,,,,,,,,,,22.110,22.930,22.820,1165506.000,0.019660,22.800,22.810,559998.000,1.000,1.000,22.110,,0.019660,0.019,0.019,0.013,0.013,0.020
14889,2014/10/22,,11,1,6022,17461010,CFG,CITIZENS FINANCIAL GROUP INC,,CFG,522110,N,A,R,55006,0,1,6022,17461010,,,,,,,,,60.000,602.000,,,,,,,,,,,,,,,22.402,23.000,22.600,884653.000,-0.009641,22.600,22.610,559998.000,1.000,1.000,22.780,,-0.009641,-0.009,-0.009,-0.009,-0.009,-0.007
14889,2014/10/23,,11,1,6022,17461010,CFG,CITIZENS FINANCIAL GROUP INC,,CFG,522110,N,A,R,55006,0,1,6022,17461010,,,,,,,,,60.000,602.000,,,,,,,,,,,,,,,22.590,23.080,23.030,1154177.000,0.019027,23.010,23.030,559998.000,1.000,1.000,22.970,,0.019027,0.012,0.012,0.010,0.010,0.012
14889,2014/10/24,,11,1,6022,17461010,CFG,CITIZENS FINANCIAL GROUP INC,,CFG,522110,N,A,R,55006,0,1,6022,17461010,,,,,,,,,60.000,602.000,,,,,,,,,,,,,,,22.770,23.490,23.180,1357806.000,0.006513,23.210,23.220,559998.000,1.000,1.000,23.320,,0.006513,0.006,0.006,0.002,0.002,0.007
14889,2014/10/27,,11,1,6022,17461010,CFG,CITIZENS FINANCIAL GROUP INC,,CFG,522110,N,A,R,55006,0,1,6022,17461010,,,,,,,,,60.000,602.000,,,,,,,,,,,,,,,22.725,23.190,22.850,2898819.000,-0.014236,22.900,22.930,559998.000,1.000,1.000,23.150,,-0.014236,-0.002,-0.002,-0.004,-0.004,-0.002
14889,2014/10/28,,11,1,6022,17461010,CFG,CITIZENS FINANCIAL GROUP INC,,CFG,522110,N,A,R,55006,0,1,6022,17461010,,,,,,,,,60.000,602.000,,,,,,,,,,,,,,,22.930,23.590,23.280,1500595.000,0.018818,23.260,23.280,559998.000,1.000,1.000,23.160,,0.018818,0.014,0.014,0.017,0.017,0.012
14889,2014/10/29,,11,1,6022,17461010,CFG,CITIZENS FINANCIAL GROUP INC,,CFG,522110,N,A,R,55006,0,1,6022,17461010,,,,,,,,,60.000,602.000,,,,,,,,,,,,,,,23.200,23.530,23.480,1302330.000,0.008591,23.480,23.490,559998.000,1.000,1.000,23.350,,0.008591,-0.002,-0.002,-0.002,-0.002,-0.001
14889,2014/10/30,,11,1,6022,17461010,CFG,CITIZENS FINANCIAL GROUP INC,,CFG,522110,N,A,R,55006,0,1,6022,17461010,,,,,,,,,60.000,602.000,,,,,,,,,,,,,,,23.297,23.690,23.440,1177097.000,-0.001704,23.450,23.460,559998.000,1.000,1.000,23.460,,-0.001704,0.005,0.005,0.004,0.004,0.006
14889,2014/10/31,,11,1,6022,17461010,CFG,CITIZENS FINANCIAL GROUP INC,,CFG,522110,N,A,R,55006,0,1,6022,17461010,,,,,,,,0.000,60.000,602.000,,,,,,,,,,,,,,,23.370,23.920,23.620,1238628.000,0.007679,23.620,23.630,559998.000,1.000,1.000,23.590,,0.007679,0.012,0.012,0.009,0.009,0.012
14889,2014/11/03,,11,1,6022,17461010,CFG,CITIZENS FINANCIAL GROUP INC,,CFG,522110,N,A,R,55006,0,1,6022,17461010,,,,,,,,,60.000,602.000,,,,,,,,,,,,,,,23.160,24.000,24.000,1826936.000,0.016088,23.990,24.000,559998.000,1.000,1.000,23.490,,0.016088,-0.001,-0.001,-0.002,-0.002,-0.000
14889,2014/11/04,,11,1,6022,17461010,CFG,CITIZENS FINANCIAL GROUP INC,,CFG,522110,N,A,R,55006,0,1,6022,17461010,2014/10/27,,,,,2014/11/20,2014/11/06,0.000,60.000,602.000,1232.000,0.100,0.000,0.000,,,,,,,,,,,23.430,23.910,23.600,1474474.000,-0.012500,23.590,23.600,559998.000,1.000,1.000,23.740,,-0.016667,-0.005,-0.005,-0.006,-0.006,-0.003
14889,2014/11/05,,11,1,6022,17461010,CFG,CITIZENS FINANCIAL GROUP INC,,CFG,522110,N,A,R,55006,0,1,6022,17461010,,,,,,,,,60.000,602.000,,,,,,,,,,,,,,,23.550,23.950,23.900,1097594.000,0.012712,23.890,23.900,559998.000,1.000,1.000,23.800,,0.012712,0.005,0.005,0.001,0.001,0.006
14889,2014/11/06,,11,1,6022,17461010,CFG,CITIZENS FINANCIAL GROUP INC,,CFG,522110,N,A,R,55006,0,1,6022,17461010,,,,,,,,,60.000,602.000,,,,,,,,,,,,,,,23.750,24.460,24.300,1010740.000,0.016736,24.280,24.300,559998.000,1.000,1.000,23.790,,0.016736,0.004,0.004,0.002,0.002,0.004
14889,2014/11/07,,11,1,6022,17461010,CFG,CITIZENS FINANCIAL GROUP INC,,CFG,522110,N,A,R,55006,0,1,6022,17461010,,,,,,,,,60.000,602.000,,,,,,,,,,,,,,,23.960,24.480,23.970,600659.000,-0.013580,23.990,24.000,559998.000,1.000,1.000,24.480,,-0.013580,0.002,0.002,0.004,0.004,0.000
14889,2014/11/10,,11,1,6022,17461010,CFG,CITIZENS FINANCIAL GROUP INC,,CFG,522110,N,A,R,55006,0,1,6022,17461010,,,,,,,,,60.000,602.000,,,,,,,,,,,,,,,23.750,24.250,23.950,1531257.000,-0.000834,23.940,23.950,559998.000,1.000,1.000,24.040,,-0.000834,0.003,0.003,0.001,0.001,0.003
14889,2014/11/11,,11,1,6022,17461010,CFG,CITIZENS FINANCIAL GROUP INC,,CFG,522110,N,A,R,55006,0,1,6022,17461010,,,,,,,,,60.000,602.000,,,,,,,,,,,,,,,23.750,24.220,23.940,658274.000,-0.000418,23.950,23.970,559998.000,1.000,1.000,23.970,,-0.000418,0.001,0.001,0.001,0.001,0.001
14889,2014/11/12,,11,1,6022,17461010,CFG,CITIZENS FINANCIAL GROUP INC,,CFG,522110,N,A,R,55006,0,1,6022,17461010,,,,,,,,,60.000,602.000,,,,,,,,,,,,,,,23.510,23.980,23.860,940834.000,-0.003342,23.860,23.870,559998.000,1.000,1.000,23.750,,-0.003342,0.001,0.000,0.002,0.002,-0.001
14889,2014/11/13,,11,1,6022,17461010,CFG,CITIZENS FINANCIAL GROUP INC,,CFG,522110,N,A,R,55006,0,1,6022,17461010,,,,,,,,,60.000,602.000,,,,,,,,,,,,,,,23.580,23.960,23.820,1149713.000,-0.001676,23.800,23.820,559998.000,1.000,1.000,23.620,,-0.001676,-0.001,-0.001,-0.006,-0.006,0.001
14889,2014/11/14,,11,1,6022,17461010,CFG,CITIZENS FINANCIAL GROUP INC,,CFG,522110,N,A,R,55006,0,1,6022,17461010,,,,,,,,,60.000,602.000,,,,,,,,,,,,,,,23.740,24.000,23.960,1111501.000,0.005877,23.970,23.980,559998.000,1.000,1.000,23.740,,0.005877,0.001,0.001,0.002,0.002,0.000
14889,2014/11/17,,11,1,6022,17461010,CFG,CITIZENS FINANCIAL GROUP INC,,CFG,522110,N,A,R,55006,0,1,6022,17461010,,,,,,,,,60.000,602.000,,,,,,,,,,,,,,,23.560,24.110,24.000,992390.000,0.001669,23.990,24.000,559998.000,1.000,1.000,24.110,,0.001669,-0.000,-0.000,-0.004,-0.004,0.001
14889,2014/11/18,,11,1,6022,17461010,CFG,CITIZENS FINANCIAL GROUP INC,,CFG,522110,N,A,R,55006,0,1,6022,17461010,,,,,,,,,60.000,602.000,,,,,,,,,,,,,,,23.710,24.040,23.730,586010.000,-0.011250,23.740,23.750,559998.000,1.000,1.000,24.040,,-0.011250,0.006,0.005,0.004,0.004,0.005
14889,2014/11/19,,11,1,6022,17461010,CFG,CITIZENS FINANCIAL GROUP INC,,CFG,522110,N,A,R,55006,0,1,6022,17461010,,,,,,,,,60.000,602.000,,,,,,,,,,,,,,,23.510,24.000,23.720,812772.000,-0.000421,23.720,23.740,559998.000,1.000,1.000,23.800,,-0.000421,-0.002,-0.002,-0.006,-0.006,-0.002
14889,2014/11/20,,11,1,6022,17461010,CFG,CITIZENS FINANCIAL GROUP INC,,CFG,522110,N,A,R,55006,0,1,6022,17461010,,,,,,,,,60.000,602.000,,,,,,,,,,,,,,,23.500,23.870,23.710,745775.000,-0.000422,23.690,23.700,559998.000,1.000,1.000,23.570,,-0.000422,0.003,0.003,0.006,0.006,0.002
14889,2014/11/21,,11,1,6022,17461010,CFG,CITIZENS FINANCIAL GROUP INC,,CFG,522110,N,A,R,55006,0,1,6022,17461010,,,,,,,,,60.000,602.000,,,,,,,,,,,,,,,23.695,24.210,23.770,725247.000,0.002531,23.750,23.770,559998.000,1.000,1.000,23.950,,0.002531,0.005,0.005,0.005,0.005,0.005
14889,2014/11/24,,11,1,6022,17461010,CFG,CITIZENS FINANCIAL GROUP INC,,CFG,522110,N,A,R,55006,0,1,6022,17461010,,,,,,,,,60.000,602.000,,,,,,,,,,,,,,,23.680,24.360,24.250,836847.000,0.020194,24.240,24.260,559998.000,1.000,1.000,23.800,,0.020194,0.003,0.003,0.005,0.005,0.003
14889,2014/11/25,,11,1,6022,17461010,CFG,CITIZENS FINANCIAL GROUP INC,,CFG,522110,N,A,R,55006,0,1,6022,17461010,,,,,,,,,60.000,602.000,,,,,,,,,,,,,,,24.020,24.300,24.030,701615.000,-0.009072,24.030,24.040,559998.000,1.000,1.000,24.240,,-0.009072,-0.000,-0.001,-0.000,-0.000,-0.001
14889,2014/11/26,,11,1,6022,17461010,CFG,CITIZENS FINANCIAL GROUP INC,,CFG,522110,N,A,R,55006,0,1,6022,17461010,,,,,,,,,60.000,602.000,,,,,,,,,,,,,,,23.920,24.270,24.230,703711.000,0.008323,24.210,24.230,559998.000,1.000,1.000,24.110,,0.008323,0.003,0.003,0.003,0.002,0.003
14889,2014/11/28,,11,1,6022,17461010,CFG,CITIZENS FINANCIAL GROUP INC,,CFG,522110,N,A,R,55006,0,1,6022,17461010,,,,,,,,0.000,60.000,602.000,,,,,,,,,,,,,,,24.050,25.090,24.630,713406.000,0.016508,24.590,24.630,545701.000,1.000,1.000,24.220,,0.016508,-0.006,-0.006,-0.013,-0.013,-0.003
14889,2014/12/01,,11,1,6022,17461010,CFG,CITIZENS FINANCIAL GROUP INC,,CFG,522110,N,A,R,55006,0,1,6022,17461010,,,,,,,,,60.000,602.000,,,,,,,,,,,,,,,23.490,24.895,23.980,2282591.000,-0.026391,23.970,23.980,545701.000,1.000,1.000,24.620,,-0.026391,-0.009,-0.009,-0.014,-0.014,-0.007
14889,2014/12/02,,11,1,6022,17461010,CFG,CITIZENS FINANCIAL GROUP INC,,CFG,522110,N,A,R,55006,0,1,6022,17461010,,,,,,,,,60.000,602.000,,,,,,,,,,,,,,,23.800,24.430,24.200,1369272.000,0.009174,24.220,24.230,545701.000,1.000,1.000,24.020,,0.009174,0.006,0.006,0.005,0.005,0.006
14889,2014/12/03,,11,1,6022,17461010,CFG,CITIZENS FINANCIAL GROUP INC,,CFG,522110,N,A,R,55006,0,1,6022,17461010,,,,,,,,,60.000,602.000,,,,,,,,,,,,,,,24.190,24.590,24.230,1854537.000,0.001240,24.230,24.240,545701.000,1.000,1.000,24.330,,0.001240,0.005,0.005,0.006,0.006,0.004
14889,2014/12/04,,11,1,6022,17461010,CFG,CITIZENS FINANCIAL GROUP INC,,CFG,522110,N,A,R,55006,0,1,6022,17461010,,,,,,,,,60.000,602.000,,,,,,,,,,,,,,,24.090,24.560,24.400,1433907.000,0.007016,24.390,24.400,545701.000,1.000,1.000,24.320,,0.007016,-0.002,-0.002,-0.004,-0.004,-0.001
14889,2014/12/05,,11,1,6022,17461010,CFG,CITIZENS FINANCIAL GROUP INC,,CFG,522110,N,A,R,55006,0,1,6022,17461010,,,,,,,,,60.000,602.000,,,,,,,,,,,,,,,24.450,25.220,25.150,1008380.000,0.030738,25.130,25.140,545701.000,1.000,1.000,24.450,,0.030738,0.001,0.001,0.003,0.003,0.002
14889,2014/12/08,,11,1,6022,17461010,CFG,CITIZENS FINANCIAL GROUP INC,,CFG,522110,N,A,R,55006,0,1,6022,17461010,,,,,,,,,60.000,602.000,,,,,,,,,,,,,,,24.680,25.140,25.040,2244927.000,-0.004374,25.050,25.060,545701.000,1.000,1.000,25.080,,-0.004374,-0.009,-0.010,-0.014,-0.014,-0.007
14889,2014/12/09,,11,1,6022,17461010,CFG,CITIZENS FINANCIAL GROUP INC,,CFG,522110,N,A,R,55006,0,1,6022,17461010,,,,,,,,,60.000,602.000,,,,,,,,,,,,,,,24.500,25.330,25.160,1141758.000,0.004792,25.150,25.160,545701.000,1.000,1.000,24.710,,0.004792,0.002,0.002,0.009,0.009,-0.000
14889,2014/12/10,,11,1,6022,17461010,CFG,CITIZENS FINANCIAL GROUP INC,,CFG,522110,N,A,R,55006,0,1,6022,17461010,,,,,,,,,60.000,602.000,,,,,,,,,,,,,,,24.620,25.410,24.650,630958.000,-0.020270,24.630,24.640,545701.000,1.000,1.000,25.150,,-0.020270,-0.017,-0.018,-0.017,-0.017,-0.016
14889,2014/12/11,,11,1,6022,17461010,CFG,CITIZENS FINANCIAL GROUP INC,,CFG,522110,N,A,R,55006,0,1,6022,17461010,,,,,,,,,60.000,602.000,,,,,,,,,,,,,,,24.510,25.280,24.690,1709147.000,0.001623,24.670,24.680,545701.000,1.000,1.000,24.850,,0.001623,0.004,0.004,0.002,0.001,0.005
14889,2014/12/12,,11,1,6022,17461010,CFG,CITIZENS FINANCIAL GROUP INC,,CFG,522110,N,A,R,55006,0,1,6022,17461010,,,,,,,,,60.000,602.000,,,,,,,,,,,,,,,24.400,24.830,24.460,950809.000,-0.009316,24.470,24.480,545701.000,1.000,1.000,24.520,,-0.009316,-0.015,-0.015,-0.010,-0.010,-0.016
14889,2014/12/15,,11,1,6022,17461010,CFG,CITIZENS FINANCIAL GROUP INC,,CFG,522110,N,A,R,55006,0,1,6022,17461010,,,,,,,,,60.000,602.000,,,,,,,,,,,,,,,24.270,24.805,24.490,1175223.000,0.001227,24.490,24.500,545701.000,1.000,1.000,24.680,,0.001227,-0.008,-0.008,-0.011,-0.012,-0.006
14889,2014/12/16,,11,1,6022,17461010,CFG,CITIZENS FINANCIAL GROUP INC,,CFG,522110,N,A,R,55006,0,1,6022,17461010,,,,,,,,,60.000,602.000,,,,,,,,,,,,,,,24.220,24.875,24.250,1315552.000,-0.009800,24.260,24.270,545701.000,1.000,1.000,24.530,,-0.009800,-0.006,-0.006,-0.001,-0.001,-0.008
14889,2014/12/17,,11,1,6022,17461010,CFG,CITIZENS FINANCIAL GROUP INC,,CFG,522110,N,A,R,55006,0,1,6022,17461010,,,,,,,,,60.000,602.000,,,,,,,,,,,,,,,24.220,24.800,24.560,2160460.000,0.012783,24.550,24.560,545701.000,1.000,1.000,24.220,,0.012783,0.022,0.022,0.022,0.022,0.020
14889,2014/12/18,,11,1,6022,17461010,CFG,CITIZENS FINANCIAL GROUP INC,,CFG,522110,N,A,R,55006,0,1,6022,17461010,,,,,,,,,60.000,602.000,,,,,,,,,,,,,,,24.680,25.140,25.080,1768470.000,0.021173,25.080,25.100,545701.000,1.000,1.000,24.750,,0.021173,0.022,0.021,0.015,0.015,0.024
14889,2014/12/19,,11,1,6022,17461010,CFG,CITIZENS FINANCIAL GROUP INC,,CFG,522110,N,A,R,55006,0,1,6022,17461010,,,,,,,,,60.000,602.000,,,,,,,,,,,,,,,24.840,25.600,25.000,7523121.000,-0.003190,25.010,25.020,545701.000,1.000,1.000,25.040,,-0.003190,0.005,0.004,0.005,0.005,0.005
14889,2014/12/22,,11,1,6022,17461010,CFG,CITIZENS FINANCIAL GROUP INC,,CFG,522110,N,A,R,55006,0,1,6022,17461010,,,,,,,,,60.000,602.000,,,,,,,,,,,,,,,24.660,25.279,25.100,1689581.000,0.004000,25.090,25.100,545701.000,1.000,1.000,25.160,,0.004000,0.003,0.003,0.002,0.001,0.004
14889,2014/12/23,,11,1,6022,17461010,CFG,CITIZENS FINANCIAL GROUP INC,,CFG,522110,N,A,R,55006,0,1,6022,17461010,,,,,,,,,60.000,602.000,,,,,,,,,,,,,,,25.120,25.500,25.440,1174551.000,0.013546,25.460,25.470,545701.000,1.000,1.000,25.310,,0.013546,0.002,0.002,0.001,0.001,0.002
14889,2014/12/24,,11,1,6022,17461010,CFG,CITIZENS FINANCIAL GROUP INC,,CFG,522110,N,A,R,55006,0,1,6022,17461010,,,,,,,,,60.000,602.000,,,,,,,,,,,,,,,25.180,25.590,25.510,547225.000,0.002752,25.480,25.490,545701.000,1.000,1.000,25.450,,0.002752,0.001,0.000,0.002,0.002,-0.000
14889,2014/12/26,,11,1,6022,17461010,CFG,CITIZENS FINANCIAL GROUP INC,,CFG,522110,N,A,R,55006,0,1,6022,17461010,,,,,,,,,60.000,602.000,,,,,,,,,,,,,,,25.250,25.510,25.310,304036.000,-0.007840,25.310,25.340,545701.000,1.000,1.000,25.510,,-0.007840,0.004,0.004,0.005,0.005,0.003
14889,2014/12/29,,11,1,6022,17461010,CFG,CITIZENS FINANCIAL GROUP INC,,CFG,522110,N,A,R,55006,0,1,6022,17461010,,,,,,,,,60.000,602.000,,,,,,,,,,,,,,,25.180,25.510,25.370,1070954.000,0.002371,25.380,25.400,545701.000,1.000,1.000,25.200,,0.002371,0.001,0.001,0.000,-0.001,0.001
14889,2014/12/30,,11,1,6022,17461010,CFG,CITIZENS FINANCIAL GROUP INC,,CFG,522110,N,A,R,55006,0,1,6022,17461010,,,,,,,,,60.000,602.000,,,,,,,,,,,,,,,25.160,25.500,25.190,511820.000,-0.007095,25.210,25.220,545701.000,1.000,1.000,25.460,,-0.007095,-0.004,-0.004,-0.002,-0.002,-0.005
14889,2014/12/31,,11,1,6022,17461010,CFG,CITIZENS FINANCIAL GROUP INC,,CFG,522110,N,A,R,55006,0,1,6022,17461010,,,,,,,,0.000,60.000,602.000,,,,,,,,,,,,,,,24.830,25.285,24.860,621617.000,-0.013100,24.840,24.850,545701.000,1.000,1.000,25.250,,-0.013100,-0.009,-0.009,-0.001,-0.001,-0.010
14889,2015/01/02,,11,1,6022,17461010,CFG,CITIZENS FINANCIAL GROUP INC,,CFG,522110,N,A,R,55006,0,1,6022,17461010,,,,,,,,,60.000,602.000,,,,,,,,,,,,,,,24.290,25.000,24.760,643550.000,-0.004023,24.770,24.790,545701.000,1.000,1.000,24.970,,-0.004023,-0.000,-0.000,0.001,0.001,-0.000
14889,2015/01/05,,11,1,6022,17461010,CFG,CITIZENS FINANCIAL GROUP INC,,CFG,522110,N,A,R,55006,0,1,6022,17461010,,,,,,,,,60.000,602.000,,,,,,,,,,,,,,,23.840,24.680,24.180,1330389.000,-0.023425,24.140,24.160,545701.000,1.000,1.000,24.580,,-0.023425,-0.018,-0.018,-0.013,-0.013,-0.018
14889,2015/01/06,,11,1,6022,17461010,CFG,CITIZENS FINANCIAL GROUP INC,,CFG,522110,N,A,R,55006,0,1,6022,17461010,,,,,,,,,60.000,602.000,,,,,,,,,,,,,,,23.700,24.220,23.910,2075044.000,-0.011166,23.870,23.880,545701.000,1.000,1.000,24.170,,-0.011166,-0.010,-0.010,-0.010,-0.010,-0.009
14889,2015/01/07,,11,1,6022,17461010,CFG,CITIZENS FINANCIAL GROUP INC,,CFG,522110,N,A,R,55006,0,1,6022,17461010,,,,,,,,,60.000,602.000,,,,,,,,,,,,,,,23.790,24.130,24.000,1160199.000,0.003764,23.950,23.960,545701.000,1.000,1.000,23.990,,0.003764,0.011,0.011,0.008,0.008,0.012
14889,2015/01/08,,11,1,6022,17461010,CFG,CITIZENS FINANCIAL GROUP INC,,CFG,522110,N,A,R,55006,0,1,6022,17461010,,,,,,,,,60.000,602.000,,,,,,,,,,,,,,,23.940,24.480,24.180,661452.000,0.007500,24.130,24.160,545701.000,1.000,1.000,24.070,,0.007500,0.017,0.017,0.013,0.013,0.018
14889,2015/01/09,,11,1,6022,17461010,CFG,CITIZENS FINANCIAL GROUP INC,,CFG,522110,N,A,R,55006,0,1,6022,17461010,,,,,,,,,60.000,602.000,,,,,,,,,,,,,,,23.780,24.180,23.890,724738.000,-0.011993,23.890,23.900,545701.000,1.000,1.000,24.150,,-0.011993,-0.008,-0.008,-0.004,-0.004,-0.008
14889,2015/01/12,,11,1,6022,17461010,CFG,CITIZENS FINANCIAL GROUP INC,,CFG,522110,N,A,R,55006,0,1,6022,17461010,,,,,,,,,60.000,602.000,,,,,,,,,,,,,,,23.620,24.040,23.880,941126.000,-0.000419,23.890,23.900,545701.000,1.000,1.000,23.800,,-0.000419,-0.008,-0.008,-0.005,-0.005,-0.008
14889,2015/01/13,,11,1,6022,17461010,CFG,CITIZENS FINANCIAL GROUP INC,,CFG,522110,N,A,R,55006,0,1,6022,17461010,,,,,,,,,60.000,602.000,,,,,,,,,,,,,,,23.610,24.190,23.870,990061.000,-0.000419,23.850,23.870,545701.000,1.000,1.000,23.940,,-0.000419,-0.002,-0.002,-0.002,-0.003,-0.003
14889,2015/01/14,,11,1,6022,17461010,CFG,CITIZENS FINANCIAL GROUP INC,,CFG,522110,N,A,R,55006,0,1,6022,17461010,,,,,,,,,60.000,602.000,,,,,,,,,,,,,,,23.100,23.744,23.440,962525.000,-0.018014,23.420,23.440,545701.000,1.000,1.000,23.600,,-0.018014,-0.005,-0.005,-0.004,-0.004,-0.006
14889,2015/01/15,,11,1,6022,17461010,CFG,CITIZENS FINANCIAL GROUP INC,,CFG,522110,N,A,R,55006,0,1,6022,17461010,,,,,,,,,60.000,602.000,,,,,,,,,,,,,,,22.670,23.610,22.960,1558030.000,-0.020478,22.960,22.970,545701.000,1.000,1.000,23.370,,-0.020478,-0.009,-0.009,-0.011,-0.011,-0.009
14889,2015/01/16,,11,1,6022,17461010,CFG,CITIZENS FINANCIAL GROUP INC,,CFG,522110,N,A,R,55006,0,1,6022,17461010,,,,,,,,,60.000,602.000,,,,,,,,,,,,,,,22.790,23.240,23.190,1951966.000,0.010017,23.180,23.190,545701.000,1.000,1.000,22.830,,0.010017,0.014,0.014,0.012,0.012,0.013
14889,2015/01/20,,11,1,6022,17461010,CFG,CITIZENS FINANCIAL GROUP INC,,CFG,522110,N,A,R,55006,0,1,6022,17461010,,,,,,,,,60.000,602.000,,,,,,,,,,,,,,,22.910,23.850,23.100,1742114.000,-0.003881,23.080,23.100,545701.000,1.000,1.000,23.160,,-0.003881,0.000,0.000,-0.003,-0.003,0.002
14889,2015/01/21,,11,1,6022,17461010,CFG,CITIZENS FINANCIAL GROUP INC,,CFG,522110,N,A,R,55006,0,1,6022,17461010,,,,,,,,,60.000,602.000,,,,,,,,,,,,,,,23.010,23.590,23.280,787349.000,0.007792,23.270,23.280,545701.000,1.000,1.000,23.070,,0.007792,0.005,0.004,0.001,0.001,0.005
14889,2015/01/22,,11,1,6022,17461010,CFG,CITIZENS FINANCIAL GROUP INC,,CFG,522110,N,A,R,55006,0,1,6022,17461010,,,,,,,,,60.000,602.000,,,,,,,,,,,,,,,23.280,24.160,24.140,486535.000,0.036942,24.120,24.130,545701.000,1.000,1.000,23.300,,0.036942,0.015,0.015,0.011,0.011,0.015
14889,2015/01/23,,11,1,6022,17461010,CFG,CITIZENS FINANCIAL GROUP INC,,CFG,522110,N,A,R,55006,0,1,6022,17461010,,,,,,,,,60.000,602.000,,,,,,,,,,,,,,,23.670,24.040,23.710,656610.000,-0.017813,23.720,23.740,545701.000,1.000,1.000,24.040,,-0.017813,-0.004,-0.004,-0.003,-0.003,-0.005
14889,2015/01/26,,11,1,6022,17461010,CFG,CITIZENS FINANCIAL GROUP INC,,CFG,522110,N,A,R,55006,0,1,6022,17461010,,,,,,,,,60.000,602.000,,,,,,,,,,,,,,,23.530,24.310,24.090,1167764.000,0.016027,24.080,24.090,545701.000,1.000,1.000,23.750,,0.016027,0.004,0.004,0.007,0.007,0.003
14889,2015/01/27,,11,1,6022,17461010,CFG,CITIZENS FINANCIAL GROUP INC,,CFG,522110,N,A,R,55006,0,1,6022,17461010,,,,,,,,,60.000,602.000,,,,,,,,,,,,,,,23.760,24.640,24.150,1308167.000,0.002491,24.150,24.160,545701.000,1.000,1.000,23.860,,0.002491,-0.010,-0.010,-0.001,-0.002,-0.013
14889,2015/01/28,,11,1,6022,17461010,CFG,CITIZENS FINANCIAL GROUP INC,,CFG,522110,N,A,R,55006,0,1,6022,17461010,,,,,,,,,60.000,602.000,,,,,,,,,,,,,,,23.840,24.350,23.860,1301860.000,-0.012008,23.840,23.850,545701.000,1.000,1.000,24.170,,-0.012008,-0.014,-0.014,-0.013,-0.013,-0.013
14889,2015/01/29,,11,1,6022,17461010,CFG,CITIZENS FINANCIAL GROUP INC,,CFG,522110,N,A,R,55006,0,1,6022,17461010,,,,,,,,,60.000,602.000,,,,,,,,,,,,,,,23.260,24.350,24.240,1818610.000,0.015926,24.250,24.260,545701.000,1.000,1.000,23.920,,0.015926,0.008,0.008,0.006,0.006,0.010
14889,2015/01/30,,11,1,6022,17461010,CFG,CITIZENS FINANCIAL GROUP INC,,CFG,522110,N,A,R,55006,0,1,6022,17461010,,,,,,,,0.000,60.000,602.000,,,,,,,,,,,,,,,23.810,24.240,23.900,1882316.000,-0.014026,23.890,23.900,545885.000,1.000,1.000,24.100,,-0.014026,-0.012,-0.012,-0.010,-0.010,-0.013
14889,2015/02/02,,11,1,6022,17461010,CFG,CITIZENS FINANCIAL GROUP INC,,CFG,522110,N,A,R,55006,0,1,6022,17461010,,,,,,,,,60.000,602.000,,,,,,,,,,,,,,,23.690,24.160,24.000,1445837.000,0.004184,23.990,24.000,545885.000,1.000,1.000,23.850,,0.004184,0.012,0.012,0.009,0.009,0.013
14889,2015/02/03,,11,1,6022,17461010,CFG,CITIZENS FINANCIAL GROUP INC,,CFG,522110,N,A,R,55006,0,1,6022,17461010,2015/01/22,,,,,2015/02/19,2015/02/05,0.000,60.000,602.000,1232.000,0.100,0.000,0.000,,,,,,,,,,,23.800,24.450,24.290,1351750.000,0.016250,24.270,24.280,545885.000,1.000,1.000,23.910,,0.012083,0.015,0.015,0.015,0.015,0.014
14889,2015/02/04,,11,1,6022,17461010,CFG,CITIZENS FINANCIAL GROUP INC,,CFG,522110,N,A,R,55006,0,1,6022,17461010,,,,,,,,,60.000,602.000,,,,,,,,,,,,,,,23.930,24.380,24.010,1102434.000,-0.011527,24.010,24.020,545885.000,1.000,1.000,24.270,,-0.011527,-0.004,-0.005,-0.005,-0.005,-0.004
14889,2015/02/05,,11,1,6022,17461010,CFG,CITIZENS FINANCIAL GROUP INC,,CFG,522110,N,A,R,55006,0,1,6022,17461010,,,,,,,,,60.000,602.000,,,,,,,,,,,,,,,23.980,24.410,24.350,984601.000,0.014161,24.350,24.370,545885.000,1.000,1.000,24.090,,0.014161,0.012,0.011,0.012,0.012,0.010
14889,2015/02/06,,11,1,6022,17461010,CFG,CITIZENS FINANCIAL GROUP INC,,CFG,522110,N,A,R,55006,0,1,6022,17461010,,,,,,,,,60.000,602.000,,,,,,,,,,,,,,,24.220,25.000,24.500,1748389.000,0.006160,24.500,24.510,545885.000,1.000,1.000,24.410,,0.006160,-0.004,-0.004,-0.003,-0.003,-0.003
14889,2015/02/09,,11,1,6022,17461010,CFG,CITIZENS FINANCIAL GROUP INC,,CFG,522110,N,A,R,55006,0,1,6022,17461010,,,,,,,,,60.000,602.000,,,,,,,,,,,,,,,24.110,24.530,24.260,781608.000,-0.009796,24.260,24.270,545885.000,1.000,1.000,24.480,,-0.009796,-0.004,-0.004,-0.002,-0.002,-0.004
14889,2015/02/10,,11,1,6022,17461010,CFG,CITIZENS FINANCIAL GROUP INC,,CFG,522110,N,A,R,55006,0,1,6022,17461010,,,,,,,,,60.000,602.000,,,,,,,,,,,,,,,24.530,24.960,24.820,1384891.000,0.023083,24.830,24.840,545885.000,1.000,1.000,24.730,,0.023083,0.009,0.009,0.002,0.002,0.011
14889,2015/02/11,,11,1,6022,17461010,CFG,CITIZENS FINANCIAL GROUP INC,,CFG,522110,N,A,R,55006,0,1,6022,17461010,,,,,,,,,60.000,602.000,,,,,,,,,,,,,,,24.550,25.000,24.970,1393061.000,0.006043,24.960,24.970,545885.000,1.000,1.000,24.880,,0.006043,-0.000,-0.001,-0.001,-0.002,-0.000
14889,2015/02/12,,11,1,6022,17461010,CFG,CITIZENS FINANCIAL GROUP INC,,CFG,522110,N,A,R,55006,0,1,6022,17461010,,,,,,,,,60.000,602.000,,,,,,,,,,,,,,,24.750,25.370,25.330,985050.000,0.014417,25.310,25.320,545885.000,1.000,1.000,24.800,,0.014417,0.010,0.010,0.010,0.010,0.010
14889,2015/02/13,,11,1,6022,17461010,CFG,CITIZENS FINANCIAL GROUP INC,,CFG,522110,N,A,R,55006,0,1,6022,17461010,,,,,,,,,60.000,602.000,,,,,,,,,,,,,,,25.140,25.670,25.450,1164524.000,0.004737,25.440,25.450,545885.000,1.000,1.000,25.280,,0.004737,0.005,0.005,0.007,0.007,0.004
14889,2015/02/17,,11,1,6022,17461010,CFG,CITIZENS FINANCIAL GROUP INC,,CFG,522110,N,A,R,55006,0,1,6022,17461010,,,,,,,,,60.000,602.000,,,,,,,,,,,,,,,25.260,25.740,25.560,1807100.000,0.004322,25.560,25.570,545885.000,1.000,1.000,25.710,,0.004322,0.002,0.002,0.002,0.002,0.002
14889,2015/02/18,,11,1,6022,17461010,CFG,CITIZENS FINANCIAL GROUP INC,,CFG,522110,N,A,R,55006,0,1,6022,17461010,,,,,,,,,60.000,602.000,,,,,,,,,,,,,,,25.060,25.630,25.210,1783474.000,-0.013693,25.200,25.210,545885.000,1.000,1.000,25.630,,-0.013693,0.000,0.000,0.002,0.002,-0.000
14889,2015/02/19,,11,1,6022,17461010,CFG,CITIZENS FINANCIAL GROUP INC,,CFG,522110,N,A,R,55006,0,1,6022,17461010,,,,,,,,,60.000,602.000,,,,,,,,,,,,,,,24.850,25.220,25.020,896846.000,-0.007537,25.020,25.030,545885.000,1.000,1.000,25.020,,-0.007537,-0.001,-0.001,0.000,0.000,-0.001
14889,2015/02/20,,11,1,6022,17461010,CFG,CITIZENS FINANCIAL GROUP INC,,CFG,522110,N,A,R,55006,0,1,6022,17461010,,,,,,,,,60.000,602.000,,,,,,,,,,,,,,,24.862,25.260,25.250,744802.000,0.009193,25.240,25.250,545885.000,1.000,1.000,25.100,,0.009193,0.006,0.006,0.002,0.002,0.006
14889,2015/02/23,,11,1,6022,17461010,CFG,CITIZENS FINANCIAL GROUP INC,,CFG,522110,N,A,R,55006,0,1,6022,17461010,,,,,,,,,60.000,602.000,,,,,,,,,,,,,,,24.675,25.100,24.910,743580.000,-0.013465,24.910,24.920,545885.000,1.000,1.000,25.100,,-0.013465,-0.001,-0.001,-0.002,-0.002,-0.000
14889,2015/02/24,,11,1,6022,17461010,CFG,CITIZENS FINANCIAL GROUP INC,,CFG,522110,N,A,R,55006,0,1,6022,17461010,,,,,,,,,60.000,602.000,,,,,,,,,,,,,,,24.770,25.070,24.930,530683.000,0.000803,24.930,24.940,545885.000,1.000,1.000,24.860,,0.000803,0.002,0.002,0.003,0.003,0.003
14889,2015/02/25,,11,1,6022,17461010,CFG,CITIZENS FINANCIAL GROUP INC,,CFG,522110,N,A,R,55006,0,1,6022,17461010,,,,,,,,,60.000,602.000,,,,,,,,,,,,,,,24.720,25.000,24.960,612615.000,0.001203,24.940,24.960,545885.000,1.000,1.000,24.870,,0.001203,0.001,0.001,0.003,0.003,-0.001
14889,2015/02/26,,11,1,6022,17461010,CFG,CITIZENS FINANCIAL GROUP INC,,CFG,522110,N,A,R,55006,0,1,6022,17461010,,,,,,,,,60.000,602.000,,,,,,,,,,,,,,,24.610,24.995,24.850,702911.000,-0.004407,24.870,24.880,545885.000,1.000,1.000,24.940,,-0.004407,-0.002,-0.002,-0.000,-0.000,-0.001
14889,2015/02/27,,11,1,6022,17461010,CFG,CITIZENS FINANCIAL GROUP INC,,CFG,522110,N,A,R,55006,0,1,6022,17461010,,,,,,,,0.000,60.000,602.000,,,,,,,,,,,,,,,24.710,25.000,24.840,468546.000,-0.000402,24.810,24.840,545885.000,1.000,1.000,24.800,,-0.000402,-0.003,-0.003,-0.001,-0.001,-0.003
14889,2015/03/02,,11,1,6022,17461010,CFG,CITIZENS FINANCIAL GROUP INC,,CFG,522110,N,A,R,55006,0,1,6022,17461010,,,,,,,,,60.000,602.000,,,,,,,,,,,,,,,24.620,25.180,24.850,1408937.000,0.000403,24.840,24.850,545885.000,1.000,1.000,24.800,,0.000403,0.005,0.005,0.003,0.003,0.006
14889,2015/03/03,,11,1,6022,17461010,CFG,CITIZENS FINANCIAL GROUP INC,,CFG,522110,N,A,R,55006,0,1,6022,17461010,,,,,,,,,60.000,602.000,,,,,,,,,,,,,,,24.580,25.050,25.040,905544.000,0.007646,25.030,25.040,545885.000,1.000,1.000,24.820,,0.007646,-0.004,-0.004,-0.003,-0.003,-0.005
14889,2015/03/04,,11,1,6022,17461010,CFG,CITIZENS FINANCIAL GROUP INC,,CFG,522110,N,A,R,55006,0,1,6022,17461010,,,,,,,,,60.000,602.000,,,,,,,,,,,,,,,24.500,24.990,24.900,1781542.000,-0.005591,24.880,24.890,545885.000,1.000,1.000,24.990,,-0.005591,-0.004,-0.004,-0.003,-0.003,-0.004
14889,2015/03/05,,11,1,6022,17461010,CFG,CITIZENS FINANCIAL GROUP INC,,CFG,522110,N,A,R,55006,0,1,6022,17461010,,,,,,,,,60.000,602.000,,,,,,,,,,,,,,,24.610,25.320,25.300,1959248.000,0.016064,25.290,25.300,545885.000,1.000,1.000,24.890,,0.016064,0.002,0.002,0.002,0.002,0.001
14889,2015/03/06,,11,1,6022,17461010,CFG,CITIZENS FINANCIAL GROUP INC,,CFG,522110,N,A,R,55006,0,1,6022,17461010,,,,,,,,,60.000,602.000,,,,,,,,,,,,,,,24.950,25.800,25.500,1542156.000,0.007905,25.480,25.500,545885.000,1.000,1.000,25.030,,0.007905,-0.014,-0.014,-0.011,-0.011,-0.014
14889,2015/03/09,,11,1,6022,17461010,CFG,CITIZENS FINANCIAL GROUP INC,,CFG,522110,N,A,R,55006,0,1,6022,17461010,,,,,,,,,60.000,602.000,,,,,,,,,,,,,,,25.110,25.535,25.230,1890638.000,-0.010588,25.230,25.240,545885.000,1.000,1.000,25.470,,-0.010588,0.003,0.003,-0.001,-0.001,0.004
14889,2015/03/10,,11,1,6022,17461010,CFG,CITIZENS FINANCIAL GROUP INC,,CFG,522110,N,A,R,55006,0,1,6022,17461010,,,,,,,,,60.000,602.000,,,,,,,,,,,,,,,24.790,25.200,25.000,1434336.000,-0.009116,25.000,25.010,545885.000,1.000,1.000,24.950,,-0.009116,-0.016,-0.016,-0.012,-0.012,-0.017
14889,2015/03/11,,11,1,6022,17461010,CFG,CITIZENS FINANCIAL GROUP INC,,CFG,522110,N,A,R,55006,0,1,6022,17461010,,,,,,,,,60.000,602.000,,,,,,,,,,,,,,,25.000,25.270,25.110,837650.000,0.004400,25.120,25.130,545885.000,1.000,1.000,25.000,,0.004400,-0.000,-0.000,0.002,0.002,-0.002
14889,2015/03/12,,11,1,6022,17461010,CFG,CITIZENS FINANCIAL GROUP INC,,CFG,522110,N,A,R,55006,0,1,6022,17461010,,,,,,,,,60.000,602.000,,,,,,,,,,,,,,,24.990,25.780,25.490,2143342.000,0.015133,25.500,25.510,545885.000,1.000,1.000,25.120,,0.015133,0.012,0.012,0.010,0.009,0.013
14889,2015/03/13,,11,1,6022,17461010,CFG,CITIZENS FINANCIAL GROUP INC,,CFG,522110,N,A,R,55006,0,1,6022,17461010,,,,,,,,,60.000,602.000,,,,,,,,,,,,,,,24.430,25.230,24.770,3480912.000,-0.028246,24.780,24.790,545885.000,1.000,1.000,25.170,,-0.028246,-0.006,-0.006,-0.004,-0.005,-0.006
14889,2015/03/16,,11,1,6022,17461010,CFG,CITIZENS FINANCIAL GROUP INC,,CFG,522110,N,A,R,55006,0,1,6022,17461010,,,,,,,,,60.000,602.000,,,,,,,,,,,,,,,24.770,25.320,25.310,1186824.000,0.021801,25.300,25.310,545885.000,1.000,1.000,24.930,,0.021801,0.012,0.012,0.002,0.002,0.014
14889,2015/03/17,,11,1,6022,17461010,CFG,CITIZENS FINANCIAL GROUP INC,,CFG,522110,N,A,R,55006,0,1,6022,17461010,,,,,,,,,60.000,602.000,,,,,,,,,,,,,,,24.900,25.610,25.600,1225220.000,0.011458,25.590,25.600,545885.000,1.000,1.000,25.180,,0.011458,-0.002,-0.002,0.001,0.001,-0.003
14889,2015/03/18,,11,1,6022,17461010,CFG,CITIZENS FINANCIAL GROUP INC,,CFG,522110,N,A,R,55006,0,1,6022,17461010,,,,,,,,,60.000,602.000,,,,,,,,,,,,,,,25.100,25.840,25.190,1288586.000,-0.016016,25.170,25.190,545885.000,1.000,1.000,25.450,,-0.016016,0.012,0.012,0.010,0.010,0.012
14889,2015/03/19,,11,1,6022,17461010,CFG,CITIZENS FINANCIAL GROUP INC,,CFG,522110,N,A,R,55006,0,1,6022,17461010,,,,,,,,,60.000,602.000,,,,,,,,,,,,,,,24.495,25.190,24.800,1824980.000,-0.015482,24.800,24.810,545885.000,1.000,1.000,25.000,,-0.015482,-0.005,-0.005,-0.001,-0.001,-0.005
14889,2015/03/20,,11,1,6022,17461010,CFG,CITIZENS FINANCIAL GROUP INC,,CFG,522110,N,A,R,55006,0,1,6022,17461010,,,,,,,,,60.000,602.000,,,,,,,,,,,,,,,24.740,25.020,24.800,6594055.000,0.000000,24.800,24.810,545885.000,1.000,1.000,24.780,,0.000000,0.009,0.009,0.007,0.007,0.009
14889,2015/03/23,,11,1,6022,17461010,CFG,CITIZENS FINANCIAL GROUP INC,,CFG,522110,N,A,R,55006,0,1,6022,17461010,,,,,,,,,60.000,602.000,,,,,,,,,,,,,,,24.510,25.240,24.760,3773274.000,-0.001613,24.750,24.760,545885.000,1.000,1.000,24.850,,-0.001613,-0.001,-0.001,0.003,0.003,-0.002
14889,2015/03/24,,11,1,6022,17461010,CFG,CITIZENS FINANCIAL GROUP INC,,CFG,522110,N,A,R,55006,0,1,6022,17461010,,,,,,,,,60.000,602.000,,,,,,,,,,,,,,,24.240,24.920,24.320,2657602.000,-0.017771,24.300,24.310,545885.000,1.000,1.000,24.700,,-0.017771,-0.005,-0.005,0.000,0.000,-0.006
14889,2015/03/25,,11,1,6022,17461010,CFG,CITIZENS FINANCIAL GROUP INC,,CFG,522110,N,A,R,55006,0,1,6022,17461010,,,,,,,,,60.000,602.000,,,,,,,,,,,,,,,23.840,24.430,24.000,5012396.000,-0.013158,24.000,24.010,545885.000,1.000,1.000,24.270,,-0.013158,-0.015,-0.015,-0.013,-0.013,-0.015
14889,2015/03/26,,11,1,6022,17461010,CFG,CITIZENS FINANCIAL GROUP INC,,CFG,522110,N,A,R,55006,0,1,6022,17461010,,,,,,,,,60.000,602.000,,,,,,,,,,,,,,,23.830,24.290,24.120,62491480.000,0.005000,24.120,24.140,545885.000,1.000,1.000,24.040,,0.005000,-0.002,-0.002,-0.002,-0.002,-0.002
14889,2015/03/27,,11,1,6022,17461010,CFG,CITIZENS FINANCIAL GROUP INC,,CFG,522110,N,A,R,55006,0,1,6022,17461010,,,,,,,,,60.000,602.000,,,,,,,,,,,,,,,24.100,24.540,24.480,9244264.000,0.014925,24.480,24.490,545885.000,1.000,1.000,24.110,,0.014925,0.002,0.002,0.002,0.002,0.002
14889,2015/03/30,,11,1,6022,17461010,CFG,CITIZENS FINANCIAL GROUP INC,,CFG,522110,N,A,R,55006,0,1,6022,17461010,,,,,,,,,60.000,602.000,,,,,,,,,,,,,,,24.160,24.680,24.320,5463482.000,-0.006536,24.320,24.330,545885.000,1.000,1.000,24.500,,-0.006536,0.012,0.011,0.007,0.007,0.012
14889,2015/03/31,,11,1,6022,17461010,CFG,CITIZENS FINANCIAL GROUP INC,,CFG,522110,N,A,R,55006,0,1,6022,17461010,,,,,,,,0.000,60.000,602.000,,,,,,,,,,,,,,,24.040,24.290,24.130,3946570.000,-0.007813,24.140,24.150,547256.000,1.000,1.000,24.220,,-0.007813,-0.007,-0.007,-0.004,-0.004,-0.009
14889,2015/04/01,,11,1,6022,17461010,CFG,CITIZENS FINANCIAL GROUP INC,,CFG,522110,N,A,R,55006,0,1,6022,17461010,,,,,,,,,60.000,602.000,,,,,,,,,,,,,,,24.030,24.460,24.360,5348903.000,0.009532,24.360,24.370,547256.000,1.000,1.000,24.150,,0.009532,-0.003,-0.003,0.001,0.001,-0.004
14889,2015/04/02,,11,1,6022,17461010,CFG,CITIZENS FINANCIAL GROUP INC,,CFG,522110,N,A,R,55006,0,1,6022,17461010,,,,,,,,,60.000,602.000,,,,,,,,,,,,,,,24.250,24.680,24.620,6024784.000,0.010673,24.630,24.640,547256.000,1.000,1.000,24.340,,0.010673,0.004,0.004,0.005,0.005,0.004
14889,2015/04/06,2018/11/01,11,1,6712,17461010,CFG,CITIZENS FINANCIAL GROUP INC,,CFG,522110,N,A,R,55006,0,1,6022,17461010,,,,,,,,2.000,60.000,602.000,,,,,,,,,,,,,,,24.280,24.800,24.750,3718418.000,0.005280,24.750,24.760,547256.000,1.000,1.000,24.480,,0.005280,0.007,0.007,0.006,0.006,0.007
14889,2015/04/07,,11,1,6712,17461010,CFG,CITIZENS FINANCIAL GROUP INC,,CFG,522110,N,A,R,55006,0,1,6022,17461010,,,,,,,,,60.000,602.000,,,,,,,,,,,,,,,24.700,25.000,24.900,5752758.000,0.006061,24.890,24.900,547256.000,1.000,1.000,24.730,,0.006061,-0.002,-0.002,0.000,0.000,-0.002
14889,2015/04/08,,11,1,6712,17461010,CFG,CITIZENS FINANCIAL GROUP INC,,CFG,522110,N,A,R,55006,0,1,6022,17461010,,,,,,,,,60.000,602.000,,,,,,,,,,,,,,,24.880,25.090,25.000,4441601.000,0.004016,25.000,25.010,547256.000,1.000,1.000,25.000,,0.004016,0.004,0.003,0.005,0.004,0.003
14889,2015/04/09,,11,1,6712,17461010,CFG,CITIZENS FINANCIAL GROUP INC,,CFG,522110,N,A,R,55006,0,1,6022,17461010,,,,,,,,,60.000,602.000,,,,,,,,,,,,,,,24.930,25.140,25.040,3585119.000,0.001600,25.020,25.030,547256.000,1.000,1.000,25.000,,0.001600,0.003,0.003,0.001,0.001,0.004
14889,2015/04/10,,11,1,6712,17461010,CFG,CITIZENS FINANCIAL GROUP INC,,CFG,522110,N,A,R,55006,0,1,6022,17461010,,,,,,,,,60.000,602.000,,,,,,,,,,,,,,,24.970,25.300,25.110,2606743.000,0.002796,25.100,25.110,547256.000,1.000,1.000,25.030,,0.002796,0.005,0.005,0.003,0.003,0.005
14889,2015/04/13,,11,1,6712,17461010,CFG,CITIZENS FINANCIAL GROUP INC,,CFG,522110,N,A,R,55006,0,1,6022,17461010,,,,,,,,,60.000,602.000,,,,,,,,,,,,,,,24.980,25.460,25.450,4462650.000,0.013540,25.450,25.460,547256.000,1.000,1.000,25.190,,0.013540,-0.004,-0.004,-0.000,-0.001,-0.005
14889,2015/04/14,,11,1,6712,17461010,CFG,CITIZENS FINANCIAL GROUP INC,,CFG,522110,N,A,R,55006,0,1,6022,17461010,,,,,,,,,60.000,602.000,,,,,,,,,,,,,,,25.020,25.250,25.140,1860841.000,-0.012181,25.120,25.130,547256.000,1.000,1.000,25.150,,-0.012181,0.002,0.002,0.003,0.003,0.002
14889,2015/04/15,,11,1,6712,17461010,CFG,CITIZENS FINANCIAL GROUP INC,,CFG,522110,N,A,R,55006,0,1,6022,17461010,,,,,,,,,60.000,602.000,,,,,,,,,,,,,,,25.020,25.660,25.600,3701309.000,0.018298,25.580,25.590,547256.000,1.000,1.000,25.150,,0.018298,0.006,0.006,0.008,0.008,0.005
14889,2015/04/16,,11,1,6712,17461010,CFG,CITIZENS FINANCIAL GROUP INC,,CFG,522110,N,A,R,55006,0,1,6022,17461010,,,,,,,,,60.000,602.000,,,,,,,,,,,,,,,25.200,25.630,25.490,1970965.000,-0.004297,25.480,25.490,547256.000,1.000,1.000,25.600,,-0.004297,-0.000,-0.000,0.000,0.000,-0.001
14889,2015/04/17,,11,1,6712,17461010,CFG,CITIZENS FINANCIAL GROUP INC,,CFG,522110,N,A,R,55006,0,1,6022,17461010,,,,,,,,,60.000,602.000,,,,,,,,,,,,,,,25.040,25.410,25.120,1303817.000,-0.014515,25.130,25.140,547256.000,1.000,1.000,25.360,,-0.014515,-0.011,-0.011,-0.011,-0.011,-0.011
14889,2015/04/20,,11,1,6712,17461010,CFG,CITIZENS FINANCIAL GROUP INC,,CFG,522110,N,A,R,55006,0,1,6022,17461010,,,,,,,,,60.000,602.000,,,,,,,,,,,,,,,24.970,25.280,25.110,2630029.000,-0.000398,25.110,25.120,547256.000,1.000,1.000,25.190,,-0.000398,0.008,0.008,0.006,0.006,0.009
14889,2015/04/21,,11,1,6712,17461010,CFG,CITIZENS FINANCIAL GROUP INC,,CFG,522110,N,A,R,55006,0,1,6022,17461010,,,,,,,,,60.000,602.000,,,,,,,,,,,,,,,24.960,25.460,25.040,3493921.000,-0.002788,25.040,25.050,547256.000,1.000,1.000,25.190,,-0.002788,-0.001,-0.001,-0.000,-0.000,-0.001
14889,2015/04/22,,11,1,6712,17461010,CFG,CITIZENS FINANCIAL GROUP INC,,CFG,522110,N,A,R,55006,0,1,6022,17461010,,,,,,,,,60.000,602.000,,,,,,,,,,,,,,,24.920,25.980,25.490,3563199.000,0.017971,25.480,25.490,547256.000,1.000,1.000,25.500,,0.017971,0.004,0.004,0.002,0.002,0.005
14889,2015/04/23,,11,1,6712,17461010,CFG,CITIZENS FINANCIAL GROUP INC,,CFG,522110,N,A,R,55006,0,1,6022,17461010,,,,,,,,,60.000,602.000,,,,,,,,,,,,,,,25.280,25.740,25.640,2450858.000,0.005885,25.630,25.640,547256.000,1.000,1.000,25.660,,0.005885,0.004,0.003,0.005,0.005,0.002
14889,2015/04/24,,11,1,6712,17461010,CFG,CITIZENS FINANCIAL GROUP INC,,CFG,522110,N,A,R,55006,0,1,6022,17461010,,,,,,,,,60.000,602.000,,,,,,,,,,,,,,,25.280,25.720,25.570,1918430.000,-0.002730,25.560,25.570,547256.000,1.000,1.000,25.660,,-0.002730,0.001,0.001,-0.001,-0.001,0.002
14889,2015/04/27,,11,1,6712,17461010,CFG,CITIZENS FINANCIAL GROUP INC,,CFG,522110,N,A,R,55006,0,1,6022,17461010,,,,,,,,,60.000,602.000,,,,,,,,,,,,,,,25.480,25.840,25.480,4843454.000,-0.003520,25.480,25.490,547256.000,1.000,1.000,25.700,,-0.003520,-0.005,-0.005,-0.006,-0.006,-0.004
14889,2015/04/28,,11,1,6712,17461010,CFG,CITIZENS FINANCIAL GROUP INC,,CFG,522110,N,A,R,55006,0,1,6022,17461010,,,,,,,,,60.000,602.000,,,,,,,,,,,,,,,25.390,25.825,25.780,2557577.000,0.011774,25.760,25.770,547256.000,1.000,1.000,25.530,,0.011774,0.002,0.002,0.003,0.003,0.003
14889,2015/04/29,,11,1,6712,17461010,CFG,CITIZENS FINANCIAL GROUP INC,,CFG,522110,N,A,R,55006,0,1,6022,17461010,,,,,,,,,60.000,602.000,,,,,,,,,,,,,,,25.600,26.290,26.090,3516940.000,0.012025,26.080,26.090,547256.000,1.000,1.000,25.630,,0.012025,-0.004,-0.004,-0.005,-0.005,-0.004
14889,2015/04/30,,11,1,6712,17461010,CFG,CITIZENS FINANCIAL GROUP INC,,CFG,522110,N,A,R,55006,0,1,6022,17461010,,,,,,,,0.000,60.000,602.000,,,,,,,,,,,,,,,25.680,26.180,26.050,2700344.000,-0.001533,26.050,26.060,547256.000,1.000,1.000,25.990,,-0.001533,-0.011,-0.011,-0.012,-0.012,-0.010
14889,2015/05/01,,11,1,6712,17461010,CFG,CITIZENS FINANCIAL GROUP INC,,CFG,522110,N,A,R,55006,0,1,6022,17461010,2015/04/21,,,,,2015/05/19,2015/05/05,0.000,60.000,602.000,1232.000,0.100,0.000,0.000,,,,,,,,,,,25.910,26.302,25.980,2090668.000,0.001152,25.980,26.000,547256.000,1.000,1.000,26.150,,-0.002687,0.009,0.009,0.005,0.005,0.011
14889,2015/05/04,,11,1,6712,17461010,CFG,CITIZENS FINANCIAL GROUP INC,,CFG,522110,N,A,R,55006,0,1,6022,17461010,,,,,,,,,60.000,602.000,,,,,,,,,,,,,,,25.970,26.380,26.300,1626037.000,0.012317,26.320,26.330,547256.000,1.000,1.000,26.050,,0.012317,0.003,0.003,0.003,0.003,0.003
14889,2015/05/05,,11,1,6712,17461010,CFG,CITIZENS FINANCIAL GROUP INC,,CFG,522110,N,A,R,55006,0,1,6022,17461010,,,,,,,,,60.000,602.000,,,,,,,,,,,,,,,26.140,26.470,26.240,2164075.000,-0.002281,26.240,26.250,547256.000,1.000,1.000,26.230,,-0.002281,-0.012,-0.012,-0.010,-0.010,-0.012
14889,2015/05/06,,11,1,6712,17461010,CFG,CITIZENS FINANCIAL GROUP INC,,CFG,522110,N,A,R,55006,0,1,6022,17461010,,,,,,,,,60.000,602.000,,,,,,,,,,,,,,,25.780,26.432,25.850,2614496.000,-0.014863,25.830,25.840,547256.000,1.000,1.000,26.290,,-0.014863,-0.003,-0.004,-0.002,-0.003,-0.004
14889,2015/05/07,,11,1,6712,17461010,CFG,CITIZENS FINANCIAL GROUP INC,,CFG,522110,N,A,R,55006,0,1,6022,17461010,,,,,,,,,60.000,602.000,,,,,,,,,,,,,,,25.610,25.960,25.950,2998342.000,0.003868,25.950,25.960,547256.000,1.000,1.000,25.820,,0.003868,0.003,0.003,0.001,0.001,0.004
14889,2015/05/08,,11,1,6712,17461010,CFG,CITIZENS FINANCIAL GROUP INC,,CFG,522110,N,A,R,55006,0,1,6022,17461010,,,,,,,,,60.000,602.000,,,,,,,,,,,,,,,25.570,26.242,25.810,3298154.000,-0.005395,25.800,25.810,547256.000,1.000,1.000,26.190,,-0.005395,0.012,0.012,0.008,0.008,0.013
14889,2015/05/11,,11,1,6712,17461010,CFG,CITIZENS FINANCIAL GROUP INC,,CFG,522110,N,A,R,55006,0,1,6022,17461010,,,,,,,,,60.000,602.000,,,,,,,,,,,,,,,25.830,26.190,26.070,4875078.000,0.010074,26.070,26.080,547256.000,1.000,1.000,25.830,,0.010074,-0.004,-0.004,-0.001,-0.001,-0.005
14889,2015/05/12,,11,1,6712,17461010,CFG,CITIZENS FINANCIAL GROUP INC,,CFG,522110,N,A,R,55006,0,1,6022,17461010,,,,,,,,,60.000,602.000,,,,,,,,,,,,,,,25.960,26.250,26.150,3526312.000,0.003069,26.140,26.150,547256.000,1.000,1.000,26.020,,0.003069,-0.002,-0.002,-0.001,-0.001,-0.003
14889,2015/05/13,,11,1,6712,17461010,CFG,CITIZENS FINANCIAL GROUP INC,,CFG,522110,N,A,R,55006,0,1,6022,17461010,,,,,,,,,60.000,602.000,,,,,,,,,,,,,,,25.990,26.410,26.230,3532424.000,0.003059,26.250,26.260,547256.000,1.000,1.000,26.290,,0.003059,0.000,-0.000,0.001,0.001,-0.000
14889,2015/05/14,,11,1,6712,17461010,CFG,CITIZENS FINANCIAL GROUP INC,,CFG,522110,N,A,R,55006,0,1,6022,17461010,,,,,,,,,60.000,602.000,,,,,,,,,,,,,,,26.140,26.590,26.480,2561327.000,0.009531,26.470,26.480,547256.000,1.000,1.000,26.480,,0.009531,0.010,0.010,0.006,0.006,0.011
14889,2015/05/15,,11,1,6712,17461010,CFG,CITIZENS FINANCIAL GROUP INC,,CFG,522110,N,A,R,55006,0,1,6022,17461010,,,,,,,,,60.000,602.000,,,,,,,,,,,,,,,25.900,26.582,25.930,2266920.000,-0.020770,25.930,25.940,547256.000,1.000,1.000,26.450,,-0.020770,0.001,0.001,0.002,0.002,0.001
14889,2015/05/18,,11,1,6712,17461010,CFG,CITIZENS FINANCIAL GROUP INC,,CFG,522110,N,A,R,55006,0,1,6022,17461010,,,,,,,,,60.000,602.000,,,,,,,,,,,,,,,25.890,26.380,26.300,2182513.000,0.014269,26.280,26.290,547256.000,1.000,1.000,25.990,,0.014269,0.003,0.003,0.003,0.003,0.003
14889,2015/05/19,,11,1,6712,17461010,CFG,CITIZENS FINANCIAL GROUP INC,,CFG,522110,N,A,R,55006,0,1,6022,17461010,,,,,,,,,60.000,602.000,,,,,,,,,,,,,,,25.940,26.890,26.860,3279750.000,0.021293,26.850,26.860,547256.000,1.000,1.000,26.020,,0.021293,-0.001,-0.002,-0.004,-0.004,-0.001
14889,2015/05/20,,11,1,6712,17461010,CFG,CITIZENS FINANCIAL GROUP INC,,CFG,522110,N,A,R,55006,0,1,6022,17461010,,,,,,,,,60.000,602.000,,,,,,,,,,,,,,,26.640,26.950,26.750,3430864.000,-0.004095,26.750,26.760,547256.000,1.000,1.000,26.650,,-0.004095,-0.000,-0.000,0.001,0.001,-0.001
14889,2015/05/21,,11,1,6712,17461010,CFG,CITIZENS FINANCIAL GROUP INC,,CFG,522110,N,A,R,55006,0,1,6022,17461010,,,,,,,,,60.000,602.000,,,,,,,,,,,,,,,26.460,26.910,26.840,5403619.000,0.003364,26.830,26.840,547256.000,1.000,1.000,26.760,,0.003364,0.002,0.002,0.001,0.001,0.002
14889,2015/05/22,,11,1,6712,17461010,CFG,CITIZENS FINANCIAL GROUP INC,,CFG,522110,N,A,R,55006,0,1,6022,17461010,,,,,,,,,60.000,602.000,,,,,,,,,,,,,,,26.700,26.990,26.920,3185352.000,0.002981,26.910,26.920,547256.000,1.000,1.000,26.830,,0.002981,-0.002,-0.002,-0.002,-0.002,-0.002
14889,2015/05/26,,11,1,6712,17461010,CFG,CITIZENS FINANCIAL GROUP INC,,CFG,522110,N,A,R,55006,0,1,6022,17461010,,,,,,,,,60.000,602.000,,,,,,,,,,,,,,,26.660,26.990,26.700,5931036.000,-0.008172,26.690,26.700,547256.000,1.000,1.000,26.870,,-0.008172,-0.010,-0.010,-0.009,-0.009,-0.010
14889,2015/05/27,,11,1,6712,17461010,CFG,CITIZENS FINANCIAL GROUP INC,,CFG,522110,N,A,R,55006,0,1,6022,17461010,,,,,,,,,60.000,602.000,,,,,,,,,,,,,,,26.590,26.920,26.770,4423323.000,0.002622,26.750,26.760,547256.000,1.000,1.000,26.765,,0.002622,0.009,0.008,0.006,0.006,0.009
14889,2015/05/28,,11,1,6712,17461010,CFG,CITIZENS FINANCIAL GROUP INC,,CFG,522110,N,A,R,55006,0,1,6022,17461010,,,,,,,,,60.000,602.000,,,,,,,,,,,,,,,26.580,26.920,26.830,3074931.000,0.002241,26.830,26.840,547256.000,1.000,1.000,26.770,,0.002241,-0.001,-0.001,-0.001,-0.001,-0.001
14889,2015/05/29,,11,1,6712,17461010,CFG,CITIZENS FINANCIAL GROUP INC,,CFG,522110,N,A,R,55006,0,1,6022,17461010,,,,,,,,0.000,60.000,602.000,,,,,,,,,,,,,,,26.565,26.950,26.840,11662129.000,0.000373,26.820,26.830,537022.000,1.000,1.000,26.890,,0.000373,-0.006,-0.006,-0.003,-0.003,-0.006
14889,2015/06/01,,11,1,6712,17461010,CFG,CITIZENS FINANCIAL GROUP INC,,CFG,522110,N,A,R,55006,0,1,6022,17461010,,,,,,,,,60.000,602.000,,,,,,,,,,,,,,,26.720,27.025,26.950,4060531.000,0.004098,26.950,26.960,537022.000,1.000,1.000,26.910,,0.004098,0.002,0.001,0.000,0.000,0.002
14889,2015/06/02,,11,1,6712,17461010,CFG,CITIZENS FINANCIAL GROUP INC,,CFG,522110,N,A,R,55006,0,1,6022,17461010,,,,,,,,,60.000,602.000,,,,,,,,,,,,,,,26.950,27.340,27.190,3798469.000,0.008905,27.180,27.190,537022.000,1.000,1.000,27.000,,0.008905,0.000,0.000,0.004,0.004,-0.001
14889,2015/06/03,,11,1,6712,17461010,CFG,CITIZENS FINANCIAL GROUP INC,,CFG,522110,N,A,R,55006,0,1,6022,17461010,,,,,,,,,60.000,602.000,,,,,,,,,,,,,,,27.240,27.670,27.620,6359355.000,0.015815,27.610,27.620,537022.000,1.000,1.000,27.290,,0.015815,0.003,0.003,0.005,0.004,0.002
14889,2015/06/04,,11,1,6712,17461010,CFG,CITIZENS FINANCIAL GROUP INC,,CFG,522110,N,A,R,55006,0,1,6022,17461010,,,,,,,,,60.000,602.000,,,,,,,,,,,,,,,27.530,27.870,27.750,6119249.000,0.004707,27.740,27.750,537022.000,1.000,1.000,27.530,,0.004707,-0.009,-0.009,-0.007,-0.007,-0.009
14889,2015/06/05,,11,1,6712,17461010,CFG,CITIZENS FINANCIAL GROUP INC,,CFG,522110,N,A,R,55006,0,1,6022,17461010,,,,,,,,,60.000,602.000,,,,,,,,,,,,,,,27.300,28.350,28.320,7049847.000,0.020541,28.300,28.310,537022.000,1.000,1.000,27.790,,0.020541,-0.000,-0.000,0.003,0.003,-0.001
14889,2015/06/08,,11,1,6712,17461010,CFG,CITIZENS FINANCIAL GROUP INC,,CFG,522110,N,A,R,55006,0,1,6022,17461010,,,,,,,,,60.000,602.000,,,,,,,,,,,,,,,28.000,28.710,28.040,11997263.000,-0.009887,28.030,28.040,537022.000,1.000,1.000,28.390,,-0.009887,-0.007,-0.007,-0.004,-0.004,-0.006
14889,2015/06/09,,11,1,6712,17461010,CFG,CITIZENS FINANCIAL GROUP INC,,CFG,522110,N,A,R,55006,0,1,6022,17461010,,,,,,,,,60.000,602.000,,,,,,,,,,,,,,,27.300,28.090,28.080,8313385.000,0.001426,28.050,28.060,537022.000,1.000,1.000,28.010,,0.001426,-0.000,-0.000,-0.002,-0.003,0.000
14889,2015/06/10,,11,1,6712,17461010,CFG,CITIZENS FINANCIAL GROUP INC,,CFG,522110,N,A,R,55006,0,1,6022,17461010,,,,,,,,,60.000,602.000,,,,,,,,,,,,,,,27.830,28.310,28.000,7645820.000,-0.002849,27.990,28.000,537022.000,1.000,1.000,28.200,,-0.002849,0.012,0.011,0.009,0.009,0.012
14889,2015/06/11,,11,1,6712,17461010,CFG,CITIZENS FINANCIAL GROUP INC,,CFG,522110,N,A,R,55006,0,1,6022,17461010,,,,,,,,,60.000,602.000,,,,,,,,,,,,,,,27.460,28.170,27.520,10332566.000,-0.017143,27.500,27.510,537022.000,1.000,1.000,28.090,,-0.017143,0.002,0.002,0.001,0.001,0.002
14889,2015/06/12,,11,1,6712,17461010,CFG,CITIZENS FINANCIAL GROUP INC,,CFG,522110,N,A,R,55006,0,1,6022,17461010,,,,,,,,,60.000,602.000,,,,,,,,,,,,,,,27.330,27.640,27.540,8410215.000,0.000727,27.540,27.550,537022.000,1.000,1.000,27.500,,0.000727,-0.006,-0.006,-0.002,-0.002,-0.007
14889,2015/06/15,,11,1,6712,17461010,CFG,CITIZENS FINANCIAL GROUP INC,,CFG,522110,N,A,R,55006,0,1,6022,17461010,,,,,,,,,60.000,602.000,,,,,,,,,,,,,,,27.360,27.990,27.910,6175987.000,0.013435,27.900,27.910,537022.000,1.000,1.000,27.370,,0.013435,-0.004,-0.004,-0.002,-0.002,-0.005
14889,2015/06/16,,11,1,6712,17461010,CFG,CITIZENS FINANCIAL GROUP INC,,CFG,522110,N,A,R,55006,0,1,6022,17461010,,,,,,,,,60.000,602.000,,,,,,,,,,,,,,,27.730,28.290,28.250,5020125.000,0.012182,28.240,28.250,537022.000,1.000,1.000,27.850,,0.012182,0.005,0.005,0.002,0.002,0.006
14889,2015/06/17,,11,1,6712,17461010,CFG,CITIZENS FINANCIAL GROUP INC,,CFG,522110,N,A,R,55006,0,1,6022,17461010,,,,,,,,,60.000,602.000,,,,,,,,,,,,,,,27.840,28.410,27.910,6830814.000,-0.012035,27.890,27.900,537022.000,1.000,1.000,28.330,,-0.012035,0.002,0.002,0.000,0.000,0.002
14889,2015/06/18,,11,1,6712,17461010,CFG,CITIZENS FINANCIAL GROUP INC,,CFG,522110,N,A,R,55006,0,1,6022,17461010,,,,,,,,,60.000,602.000,,,,,,,,,,,,,,,27.600,28.120,28.070,6168345.000,0.005733,28.050,28.060,537022.000,1.000,1.000,28.000,,0.005733,0.009,0.009,0.006,0.006,0.010
14889,2015/06/19,,11,1,6712,17461010,CFG,CITIZENS FINANCIAL GROUP INC,,CFG,522110,N,A,R,55006,0,1,6022,17461010,,,,,,,,,60.000,602.000,,,,,,,,,,,,,,,28.020,28.460,28.190,29234651.000,0.004275,28.190,28.200,537022.000,1.000,1.000,28.120,,0.004275,-0.005,-0.005,-0.003,-0.003,-0.005
14889,2015/06/22,,11,1,6712,17461010,CFG,CITIZENS FINANCIAL GROUP INC,,CFG,522110,N,A,R,55006,0,1,6022,17461010,,,,,,,,,60.000,602.000,,,,,,,,,,,,,,,28.170,28.540,28.270,3695464.000,0.002838,28.260,28.270,537022.000,1.000,1.000,28.390,,0.002838,0.006,0.006,0.005,0.005,0.006
14889,2015/06/23,,11,1,6712,17461010,CFG,CITIZENS FINANCIAL GROUP INC,,CFG,522110,N,A,R,55006,0,1,6022,17461010,,,,,,,,,60.000,602.000,,,,,,,,,,,,,,,28.060,28.530,28.190,5113357.000,-0.002830,28.160,28.170,537022.000,1.000,1.000,28.380,,-0.002830,0.001,0.001,0.003,0.003,0.001
14889,2015/06/24,,11,1,6712,17461010,CFG,CITIZENS FINANCIAL GROUP INC,,CFG,522110,N,A,R,55006,0,1,6022,17461010,,,,,,,,,60.000,602.000,,,,,,,,,,,,,,,27.985,28.320,28.050,2675558.000,-0.004966,28.040,28.050,537022.000,1.000,1.000,28.100,,-0.004966,-0.007,-0.008,-0.006,-0.007,-0.007
14889,2015/06/25,,11,1,6712,17461010,CFG,CITIZENS FINANCIAL GROUP INC,,CFG,522110,N,A,R,55006,0,1,6022,17461010,,,,,,,,,60.000,602.000,,,,,,,,,,,,,,,27.280,28.040,27.380,5014804.000,-0.023886,27.360,27.370,537022.000,1.000,1.000,27.950,,-0.023886,-0.003,-0.003,-0.003,-0.003,-0.003
14889,2015/06/26,,11,1,6712,17461010,CFG,CITIZENS FINANCIAL GROUP INC,,CFG,522110,N,A,R,55006,0,1,6022,17461010,,,,,,,,,60.000,602.000,,,,,,,,,,,,,,,27.260,27.615,27.540,9588333.000,0.005844,27.530,27.540,537022.000,1.000,1.000,27.370,,0.005844,-0.001,-0.001,-0.004,-0.005,-0.000
14889,2015/06/29,,11,1,6712,17461010,CFG,CITIZENS FINANCIAL GROUP INC,,CFG,522110,N,A,R,55006,0,1,6022,17461010,,,,,,,,,60.000,602.000,,,,,,,,,,,,,,,26.800,27.390,26.930,3022453.000,-0.022150,26.920,26.930,537022.000,1.000,1.000,27.210,,-0.022150,-0.022,-0.022,-0.021,-0.021,-0.021
14889,2015/06/30,,11,1,6712,17461010,CFG,CITIZENS FINANCIAL GROUP INC,,CFG,522110,N,A,R,55006,0,1,6022,17461010,,,,,,,,0.000,60.000,602.000,,,,,,,,,,,,,,,26.985,27.870,27.310,5545328.000,0.014111,27.300,27.310,537022.000,1.000,1.000,27.210,,0.014111,0.003,0.003,0.004,0.004,0.003
14889,2015/07/01,,11,1,6712,17461010,CFG,CITIZENS FINANCIAL GROUP INC,,CFG,522110,N,A,R,55006,0,1,6022,17461010,,,,,,,,,60.000,602.000,,,,,,,,,,,,,,,27.340,27.740,27.440,2838202.000,0.004760,27.420,27.430,537022.000,1.000,1.000,27.530,,0.004760,0.005,0.005,-0.000,-0.000,0.007
14889,2015/07/02,,11,1,6712,17461010,CFG,CITIZENS FINANCIAL GROUP INC,,CFG,522110,N,A,R,55006,0,1,6022,17461010,,,,,,,,,60.000,602.000,,,,,,,,,,,,,,,26.920,27.470,27.150,2158019.000,-0.010569,27.140,27.150,537022.000,1.000,1.000,27.430,,-0.010569,-0.001,-0.001,-0.002,-0.002,-0.000
14889,2015/07/06,,11,1,6712,17461010,CFG,CITIZENS FINANCIAL GROUP INC,,CFG,522110,N,A,R,55006,0,1,6022,17461010,,,,,,,,,60.000,602.000,,,,,,,,,,,,,,,26.670,27.040,27.010,3391988.000,-0.005157,27.000,27.010,537022.000,1.000,1.000,26.930,,-0.005157,-0.005,-0.005,-0.007,-0.007,-0.004
14889,2015/07/07,,11,1,6712,17461010,CFG,CITIZENS FINANCIAL GROUP INC,,CFG,522110,N,A,R,55006,0,1,6022,17461010,,,,,,,,,60.000,602.000,,,,,,,,,,,,,,,26.440,27.040,26.740,3582608.000,-0.009996,26.720,26.730,537022.000,1.000,1.000,27.010,,-0.009996,0.005,0.005,-0.002,-0.002,0.006
14889,2015/07/08,,11,1,6712,17461010,CFG,CITIZENS FINANCIAL GROUP INC,,CFG,522110,N,A,R,55006,0,1,6022,17461010,,,,,,,,,60.000,602.000,,,,,,,,,,,,,,,26.460,26.710,26.640,3601944.000,-0.003740,26.630,26.640,537022.000,1.000,1.000,26.580,,-0.003740,-0.017,-0.017,-0.017,-0.017,-0.017
14889,2015/07/09,,11,1,6712,17461010,CFG,CITIZENS FINANCIAL GROUP INC,,CFG,522110,N,A,R,55006,0,1,6022,17461010,,,,,,,,,60.000,602.000,,,,,,,,,,,,,,,26.800,27.030,26.980,2196341.000,0.012763,26.970,26.980,537022.000,1.000,1.000,26.910,,0.012763,0.003,0.003,0.007,0.007,0.002
14889,2015/07/10,,11,1,6712,17461010,CFG,CITIZENS FINANCIAL GROUP INC,,CFG,522110,N,A,R,55006,0,1,6022,17461010,,,,,,,,,60.000,602.000,,,,,,,,,,,,,,,27.050,27.350,27.300,1767485.000,0.011861,27.290,27.300,537022.000,1.000,1.000,27.250,,0.011861,0.013,0.013,0.012,0.012,0.012
14889,2015/07/13,,11,1,6712,17461010,CFG,CITIZENS FINANCIAL GROUP INC,,CFG,522110,N,A,R,55006,0,1,6022,17461010,,,,,,,,,60.000,602.000,,,,,,,,,,,,,,,27.190,27.700,27.250,2075152.000,-0.001831,27.240,27.250,537022.000,1.000,1.000,27.500,,-0.001831,0.010,0.010,0.008,0.008,0.011
14889,2015/07/14,,11,1,6712,17461010,CFG,CITIZENS FINANCIAL GROUP INC,,CFG,522110,N,A,R,55006,0,1,6022,17461010,,,,,,,,,60.000,602.000,,,,,,,,,,,,,,,27.230,27.580,27.550,3363214.000,0.011009,27.560,27.570,537022.000,1.000,1.000,27.300,,0.011009,0.005,0.005,0.005,0.005,0.004
14889,2015/07/15,,11,1,6712,17461010,CFG,CITIZENS FINANCIAL GROUP INC,,CFG,522110,N,A,R,55006,0,1,6022,17461010,,,,,,,,,60.000,602.000,,,,,,,,,,,,,,,27.620,28.000,27.800,2356049.000,0.009074,27.790,27.800,537022.000,1.000,1.000,27.750,,0.009074,-0.002,-0.003,-0.007,-0.007,-0.001
14889,2015/07/16,,11,1,6712,17461010,CFG,CITIZENS FINANCIAL GROUP INC,,CFG,522110,N,A,R,55006,0,1,6022,17461010,,,,,,,,,60.000,602.000,,,,,,,,,,,,,,,27.710,28.150,28.110,2239731.000,0.011151,28.100,28.110,537022.000,1.000,1.000,27.890,,0.011151,0.007,0.007,0.004,0.004,0.008
14889,2015/07/17,,11,1,6712,17461010,CFG,CITIZENS FINANCIAL GROUP INC,,CFG,522110,N,A,R,55006,0,1,6022,17461010,,,,,,,,,60.000,602.000,,,,,,,,,,,,,,,27.840,28.183,27.910,3126686.000,-0.007115,27.900,27.910,537022.000,1.000,1.000,28.080,,-0.007115,-0.001,-0.001,-0.004,-0.004,0.001
14889,2015/07/20,,11,1,6712,17461010,CFG,CITIZENS FINANCIAL GROUP INC,,CFG,522110,N,A,R,55006,0,1,6022,17461010,,,,,,,,,60.000,602.000,,,,,,,,,,,,,,,27.870,28.170,27.960,4131653.000,0.001791,27.970,27.980,537022.000,1.000,1.000,27.930,,0.001791,-0.001,-0.001,-0.009,-0.009,0.001
14889,2015/07/21,,11,1,6712,17461010,CFG,CITIZENS FINANCIAL GROUP INC,,CFG,522110,N,A,R,55006,0,1,6022,17461010,,,,,,,,,60.000,602.000,,,,,,,,,,,,,,,25.480,27.580,26.720,10366904.000,-0.044349,26.720,26.730,537022.000,1.000,1.000,26.530,,-0.044349,-0.004,-0.004,-0.002,-0.002,-0.004
14889,2015/07/22,,11,1,6712,17461010,CFG,CITIZENS FINANCIAL GROUP INC,,CFG,522110,N,A,R,55006,0,1,6022,17461010,,,,,,,,,60.000,602.000,,,,,,,,,,,,,,,26.614,27.255,27.040,3829344.000,0.011976,27.020,27.030,537022.000,1.000,1.000,26.690,,0.011976,-0.002,-0.002,-0.003,-0.003,-0.002
14889,2015/07/23,,11,1,6712,17461010,CFG,CITIZENS FINANCIAL GROUP INC,,CFG,522110,N,A,R,55006,0,1,6022,17461010,,,,,,,,,60.000,602.000,,,,,,,,,,,,,,,26.370,27.300,26.450,3075041.000,-0.021820,26.430,26.440,537022.000,1.000,1.000,27.060,,-0.021820,-0.005,-0.006,-0.006,-0.006,-0.006
14889,2015/07/24,,11,1,6712,17461010,CFG,CITIZENS FINANCIAL GROUP INC,,CFG,522110,N,A,R,55006,0,1,6022,17461010,,,,,,,,,60.000,602.000,,,,,,,,,,,,,,,26.120,26.650,26.150,1993934.000,-0.011342,26.150,26.160,537022.000,1.000,1.000,26.480,,-0.011342,-0.010,-0.010,-0.010,-0.010,-0.011
14889,2015/07/27,,11,1,6712,17461010,CFG,CITIZENS FINANCIAL GROUP INC,,CFG,522110,N,A,R,55006,0,1,6022,17461010,,,,,,,,,60.000,602.000,,,,,,,,,,,,,,,25.680,26.130,25.940,2544280.000,-0.008031,25.920,25.930,537022.000,1.000,1.000,26.020,,-0.008031,-0.007,-0.007,-0.010,-0.010,-0.006
14889,2015/07/28,,11,1,6712,17461010,CFG,CITIZENS FINANCIAL GROUP INC,,CFG,522110,N,A,R,55006,0,1,6022,17461010,,,,,,,,,60.000,602.000,,,,,,,,,,,,,,,25.740,26.360,26.170,5631598.000,0.008867,26.190,26.200,537022.000,1.000,1.000,25.800,,0.008867,0.012,0.012,0.008,0.008,0.012
14889,2015/07/29,,11,1,6712,17461010,CFG,CITIZENS FINANCIAL GROUP INC,,CFG,522110,N,A,R,55006,0,1,6022,17461010,,,,,,,,,60.000,602.000,,,,,,,,,,,,,,,26.000,26.330,26.000,59753880.000,-0.006496,26.060,26.070,537022.000,1.000,1.000,26.100,,-0.006496,0.008,0.007,0.007,0.007,0.007
14889,2015/07/30,,11,1,6712,17461010,CFG,CITIZENS FINANCIAL GROUP INC,,CFG,522110,N,A,R,55006,0,1,6022,17461010,2015/07/20,,,,,2015/08/17,2015/08/03,0.000,60.000,602.000,1232.000,0.100,0.000,0.000,,,,,,,,,,,25.600,26.630,26.490,17805568.000,0.022692,26.460,26.470,537022.000,1.000,1.000,26.030,,0.018846,0.001,0.001,-0.001,-0.001,0.000
14889,2015/07/31,,11,1,6712,17461010,CFG,CITIZENS FINANCIAL GROUP INC,,CFG,522110,N,A,R,55006,0,1,6022,17461010,,,,,,,,0.000,60.000,602.000,,,,,,,,,,,,,,,25.980,26.600,26.070,9396444.000,-0.015855,26.090,26.100,537150.000,1.000,1.000,26.560,,-0.015855,-0.001,-0.001,0.003,0.003,-0.002
14889,2015/08/03,,11,1,6712,17461010,CFG,CITIZENS FINANCIAL GROUP INC,,CFG,522110,N,A,R,55006,0,1,6022,17461010,,,,,,,,,60.000,602.000,,,,,,,,,,,,,,,26.000,26.500,26.030,6981511.000,-0.001534,26.020,26.030,537150.000,1.000,1.000,26.180,,-0.001534,-0.004,-0.004,-0.007,-0.007,-0.003
14889,2015/08/04,,11,1,6712,17461010,CFG,CITIZENS FINANCIAL GROUP INC,,CFG,522110,N,A,R,55006,0,1,6022,17461010,,,,,,,,,60.000,602.000,,,,,,,,,,,,,,,25.900,26.440,26.270,5120699.000,0.009220,26.250,26.260,537150.000,1.000,1.000,26.050,,0.009220,-0.002,-0.002,-0.001,-0.001,-0.002
14889,2015/08/05,,11,1,6712,17461010,CFG,CITIZENS FINANCIAL GROUP INC,,CFG,522110,N,A,R,55006,0,1,6022,17461010,,,,,,,,,60.000,602.000,,,,,,,,,,,,,,,26.410,26.840,26.660,6478775.000,0.014846,26.650,26.660,537150.000,1.000,1.000,26.490,,0.014846,0.003,0.002,-0.000,-0.001,0.003
14889,2015/08/06,,11,1,6712,17461010,CFG,CITIZENS FINANCIAL GROUP INC,,CFG,522110,N,A,R,55006,0,1,6022,17461010,,,,,,,,,60.000,602.000,,,,,,,,,,,,,,,26.430,26.840,26.650,4042173.000,-0.000375,26.630,26.650,537150.000,1.000,1.000,26.770,,-0.000375,-0.008,-0.008,-0.006,-0.006,-0.008
14889,2015/08/07,,11,1,6712,17461010,CFG,CITIZENS FINANCIAL GROUP INC,,CFG,522110,N,A,R,55006,0,1,6022,17461010,,,,,,,,,60.000,602.000,,,,,,,,,,,,,,,26.310,26.820,26.700,8973706.000,0.001876,26.680,26.700,537150.000,1.000,1.000,26.530,,0.001876,-0.003,-0.003,-0.004,-0.005,-0.003
14889,2015/08/10,,11,1,6712,17461010,CFG,CITIZENS FINANCIAL GROUP INC,,CFG,522110,N,A,R,55006,0,1,6022,17461010,,,,,,,,,60.000,602.000,,,,,,,,,,,,,,,26.900,27.260,27.190,4443212.000,0.018352,27.190,27.200,537150.000,1.000,1.000,27.010,,0.018352,0.013,0.013,0.013,0.013,0.013
14889,2015/08/11,,11,1,6712,17461010,CFG,CITIZENS FINANCIAL GROUP INC,,CFG,522110,N,A,R,55006,0,1,6022,17461010,,,,,,,,,60.000,602.000,,,,,,,,,,,,,,,26.700,27.190,26.840,4909284.000,-0.012872,26.840,26.860,537150.000,1.000,1.000,27.000,,-0.012872,-0.009,-0.009,-0.008,-0.008,-0.010
14889,2015/08/12,,11,1,6712,17461010,CFG,CITIZENS FINANCIAL GROUP INC,,CFG,522110,N,A,R,55006,0,1,6022,17461010,,,,,,,,,60.000,602.000,,,,,,,,,,,,,,,25.740,26.790,26.030,6983480.000,-0.030179,26.010,26.020,537150.000,1.000,1.000,26.780,,-0.030179,0.001,0.000,0.001,0.001,0.001
14889,2015/08/13,,11,1,6712,17461010,CFG,CITIZENS FINANCIAL GROUP INC,,CFG,522110,N,A,R,55006,0,1,6022,17461010,,,,,,,,,60.000,602.000,,,,,,,,,,,,,,,25.975,26.300,26.200,4317352.000,0.006531,26.190,26.200,537150.000,1.000,1.000,26.000,,0.006531,-0.002,-0.002,-0.003,-0.004,-0.001
14889,2015/08/14,,11,1,6712,17461010,CFG,CITIZENS FINANCIAL GROUP INC,,CFG,522110,N,A,R,55006,0,1,6022,17461010,,,,,,,,,60.000,602.000,,,,,,,,,,,,,,,26.130,26.420,26.380,1998548.000,0.006870,26.360,26.370,537150.000,1.000,1.000,26.260,,0.006870,0.004,0.004,0.003,0.003,0.004
14889,2015/08/17,,11,1,6712,17461010,CFG,CITIZENS FINANCIAL GROUP INC,,CFG,522110,N,A,R,55006,0,1,6022,17461010,,,,,,,,,60.000,602.000,,,,,,,,,,,,,,,26.080,26.480,26.280,1746154.000,-0.003791,26.280,26.290,537150.000,1.000,1.000,26.310,,-0.003791,0.006,0.006,0.004,0.004,0.005
14889,2015/08/18,,11,1,6712,17461010,CFG,CITIZENS FINANCIAL GROUP INC,,CFG,522110,N,A,R,55006,0,1,6022,17461010,,,,,,,,,60.000,602.000,,,,,,,,,,,,,,,26.190,26.580,26.560,2415248.000,0.010654,26.540,26.550,537150.000,1.000,1.000,26.290,,0.010654,-0.004,-0.004,-0.006,-0.006,-0.003
14889,2015/08/19,,11,1,6712,17461010,CFG,CITIZENS FINANCIAL GROUP INC,,CFG,522110,N,A,R,55006,0,1,6022,17461010,,,,,,,,,60.000,602.000,,,,,,,,,,,,,,,26.230,26.570,26.260,4322968.000,-0.011295,26.240,26.250,537150.000,1.000,1.000,26.430,,-0.011295,-0.009,-0.009,-0.008,-0.008,-0.008
14889,2015/08/20,,11,1,6712,17461010,CFG,CITIZENS FINANCIAL GROUP INC,,CFG,522110,N,A,R,55006,0,1,6022,17461010,,,,,,,,,60.000,602.000,,,,,,,,,,,,,,,25.330,26.290,25.330,3193836.000,-0.035415,25.340,25.350,537150.000,1.000,1.000,26.050,,-0.035415,-0.022,-0.022,-0.019,-0.019,-0.021
14889,2015/08/21,,11,1,6712,17461010,CFG,CITIZENS FINANCIAL GROUP INC,,CFG,522110,N,A,R,55006,0,1,6022,17461010,,,,,,,,,60.000,602.000,,,,,,,,,,,,,,,24.570,25.110,24.570,4203142.000,-0.030004,24.590,24.600,537150.000,1.000,1.000,25.020,,-0.030004,-0.028,-0.028,-0.016,-0.016,-0.032
14889,2015/08/24,,11,1,6712,17461010,CFG,CITIZENS FINANCIAL GROUP INC,,CFG,522110,N,A,R,55006,0,1,6022,17461010,,,,,,,,,60.000,602.000,,,,,,,,,,,,,,,21.140,24.100,23.030,8454778.000,-0.062678,23.060,23.070,537150.000,1.000,1.000,23.580,,-0.062678,-0.039,-0.039,-0.035,-0.035,-0.039
14889,2015/08/25,,11,1,6712,17461010,CFG,CITIZENS FINANCIAL GROUP INC,,CFG,522110,N,A,R,55006,0,1,6022,17461010,,,,,,,,,60.000,602.000,,,,,,,,,,,,,,,23.070,24.080,23.100,5607825.000,0.003040,23.090,23.100,537150.000,1.000,1.000,23.800,,0.003040,-0.010,-0.010,-0.000,-0.000,-0.014
14889,2015/08/26,,11,1,6712,17461010,CFG,CITIZENS FINANCIAL GROUP INC,,CFG,522110,N,A,R,55006,0,1,6022,17461010,,,,,,,,,60.000,602.000,,,,,,,,,,,,,,,23.450,24.450,24.190,6358491.000,0.047186,24.180,24.190,537150.000,1.000,1.000,24.000,,0.047186,0.034,0.034,0.016,0.016,0.039
14889,2015/08/27,,11,1,6712,17461010,CFG,CITIZENS FINANCIAL GROUP INC,,CFG,522110,N,A,R,55006,0,1,6022,17461010,,,,,,,,,60.000,602.000,,,,,,,,,,,,,,,24.370,24.990,24.480,5251744.000,0.011988,24.490,24.500,537150.000,1.000,1.000,24.650,,0.011988,0.024,0.024,0.023,0.023,0.024
14889,2015/08/28,,11,1,6712,17461010,CFG,CITIZENS FINANCIAL GROUP INC,,CFG,522110,N,A,R,55006,0,1,6022,17461010,,,,,,,,,60.000,602.000,,,,,,,,,,,,,,,24.370,24.885,24.690,3097233.000,0.008578,24.670,24.680,537150.000,1.000,1.000,24.670,,0.008578,0.003,0.002,0.010,0.010,0.001
14889,2015/08/31,,11,1,6712,17461010,CFG,CITIZENS FINANCIAL GROUP INC,,CFG,522110,N,A,R,55006,0,1,6022,17461010,,,,,,,,0.000,60.000,602.000,,,,,,,,,,,,,,,24.500,24.940,24.820,3553069.000,0.005265,24.800,24.810,527534.000,1.000,1.000,24.620,,0.005265,-0.007,-0.007,0.001,0.001,-0.008
14889,2015/09/01,,11,1,6712,17461010,CFG,CITIZENS FINANCIAL GROUP INC,,CFG,522110,N,A,R,55006,0,1,6022,17461010,,,,,,,,,60.000,602.000,,,,,,,,,,,,,,,23.520,24.590,23.690,5046606.000,-0.045528,23.680,23.690,527534.000,1.000,1.000,24.470,,-0.045528,-0.028,-0.028,-0.020,-0.020,-0.030
14889,2015/09/02,,11,1,6712,17461010,CFG,CITIZENS FINANCIAL GROUP INC,,CFG,522110,N,A,R,55006,0,1,6022,17461010,,,,,,,,,60.000,602.000,,,,,,,,,,,,,,,23.440,24.330,24.130,5658439.000,0.018573,24.140,24.150,527534.000,1.000,1.000,23.980,,0.018573,0.016,0.016,0.009,0.009,0.018
14889,2015/09/03,,11,1,6712,17461010,CFG,CITIZENS FINANCIAL GROUP INC,,CFG,522110,N,A,R,55006,0,1,6022,17461010,,,,,,,,,60.000,602.000,,,,,,,,,,,,,,,24.210,24.790,24.500,3093782.000,0.015334,24.500,24.510,527534.000,1.000,1.000,24.300,,0.015334,0.002,0.002,0.002,0.002,0.001
14889,2015/09/04,,11,1,6712,17461010,CFG,CITIZENS FINANCIAL GROUP INC,,CFG,522110,N,A,R,55006,0,1,6022,17461010,,,,,,,,,60.000,602.000,,,,,,,,,,,,,,,23.960,24.430,24.090,2295028.000,-0.016735,24.100,24.110,527534.000,1.000,1.000,24.240,,-0.016735,-0.014,-0.014,-0.007,-0.007,-0.015
14889,2015/09/08,,11,1,6712,17461010,CFG,CITIZENS FINANCIAL GROUP INC,,CFG,522110,N,A,R,55006,0,1,6022,17461010,,,,,,,,,60.000,602.000,,,,,,,,,,,,,,,24.215,24.630,24.630,3484881.000,0.022416,24.600,24.610,527534.000,1.000,1.000,24.600,,0.022416,0.024,0.024,0.016,0.016,0.025
14889,2015/09/09,,11,1,6712,17461010,CFG,CITIZENS FINANCIAL GROUP INC,,CFG,522110,N,A,R,55006,0,1,6022,17461010,,,,,,,,,60.000,602.000,,,,,,,,,,,,,,,24.365,24.990,24.400,3949782.000,-0.009338,24.380,24.390,527534.000,1.000,1.000,24.780,,-0.009338,-0.013,-0.013,-0.008,-0.008,-0.014
14889,2015/09/10,,11,1,6712,17461010,CFG,CITIZENS FINANCIAL GROUP INC,,CFG,522110,N,A,R,55006,0,1,6022,17461010,,,,,,,,,60.000,602.000,,,,,,,,,,,,,,,24.220,24.636,24.440,2010768.000,0.001639,24.430,24.440,527534.000,1.000,1.000,24.300,,0.001639,0.004,0.004,0.003,0.003,0.005
14889,2015/09/11,,11,1,6712,17461010,CFG,CITIZENS FINANCIAL GROUP INC,,CFG,522110,N,A,R,55006,0,1,6022,17461010,,,,,,,,,60.000,602.000,,,,,,,,,,,,,,,24.060,24.540,24.320,3544773.000,-0.004910,24.300,24.320,527534.000,1.000,1.000,24.300,,-0.004910,0.003,0.003,0.000,0.000,0.004
14889,2015/09/14,,11,1,6712,17461010,CFG,CITIZENS FINANCIAL GROUP INC,,CFG,522110,N,A,R,55006,0,1,6022,17461010,,,,,,,,,60.000,602.000,,,,,,,,,,,,,,,24.250,24.670,24.410,2459336.000,0.003701,24.400,24.410,527534.000,1.000,1.000,24.280,,0.003701,-0.004,-0.004,-0.005,-0.005,-0.004
14889,2015/09/15,,11,1,6712,17461010,CFG,CITIZENS FINANCIAL GROUP INC,,CFG,522110,N,A,R,55006,0,1,6022,17461010,,,,,,,,,60.000,602.000,,,,,,,,,,,,,,,24.422,25.140,25.030,2882159.000,0.025399,25.010,25.020,527534.000,1.000,1.000,24.450,,0.025399,0.011,0.011,0.007,0.007,0.013
14889,2015/09/16,,11,1,6712,17461010,CFG,CITIZENS FINANCIAL GROUP INC,,CFG,522110,N,A,R,55006,0,1,6022,17461010,,,,,,,,,60.000,602.000,,,,,,,,,,,,,,,24.635,25.060,24.880,3541780.000,-0.005993,24.890,24.910,527534.000,1.000,1.000,24.930,,-0.005993,0.010,0.009,0.010,0.010,0.009
14889,2015/09/17,,11,1,6712,17461010,CFG,CITIZENS FINANCIAL GROUP INC,,CFG,522110,N,A,R,55006,0,1,6022,17461010,,,,,,,,,60.000,602.000,,,,,,,,,,,,,,,23.680,24.960,24.040,5433093.000,-0.033762,24.030,24.040,527534.000,1.000,1.000,24.840,,-0.033762,-0.001,-0.001,0.004,0.004,-0.003
14889,2015/09/18,,11,1,6712,17461010,CFG,CITIZENS FINANCIAL GROUP INC,,CFG,522110,N,A,R,55006,0,1,6022,17461010,,,,,,,,,60.000,602.000,,,,,,,,,,,,,,,23.220,23.990,23.750,11030892.000,-0.012063,23.690,23.700,527534.000,1.000,1.000,23.690,,-0.012063,-0.015,-0.015,-0.005,-0.005,-0.016
14889,2015/09/21,,11,1,6712,17461010,CFG,CITIZENS FINANCIAL GROUP INC,,CFG,522110,N,A,R,55006,0,1,6022,17461010,,,,,,,,,60.000,602.000,,,,,,,,,,,,,,,23.720,24.140,23.900,3422641.000,0.006316,23.880,23.900,527534.000,1.000,1.000,23.950,,0.006316,0.003,0.003,-0.003,-0.003,0.005
14889,2015/09/22,,11,1,6712,17461010,CFG,CITIZENS FINANCIAL GROUP INC,,CFG,522110,N,A,R,55006,0,1,6022,17461010,,,,,,,,,60.000,602.000,,,,,,,,,,,,,,,23.420,23.670,23.600,2220046.000,-0.012552,23.610,23.620,527534.000,1.000,1.000,23.500,,-0.012552,-0.014,-0.014,-0.014,-0.014,-0.012
14889,2015/09/23,,11,1,6712,17461010,CFG,CITIZENS FINANCIAL GROUP INC,,CFG,522110,N,A,R,55006,0,1,6022,17461010,,,,,,,,,60.000,602.000,,,,,,,,,,,,,,,23.275,23.790,23.340,3662143.000,-0.011017,23.330,23.340,527534.000,1.000,1.000,23.750,,-0.011017,-0.004,-0.004,-0.006,-0.006,-0.002
14889,2015/09/24,,11,1,6712,17461010,CFG,CITIZENS FINANCIAL GROUP INC,,CFG,522110,N,A,R,55006,0,1,6022,17461010,,,,,,,,,60.000,602.000,,,,,,,,,,,,,,,23.000,23.320,23.240,3495066.000,-0.004285,23.250,23.260,527534.000,1.000,1.000,23.060,,-0.004285,-0.004,-0.004,-0.002,-0.002,-0.003
14889,2015/09/25,,11,1,6712,17461010,CFG,CITIZENS FINANCIAL GROUP INC,,CFG,522110,N,A,R,55006,0,1,6022,17461010,,,,,,,,,60.000,602.000,,,,,,,,,,,,,,,23.480,23.820,23.610,4083193.000,0.015921,23.600,23.610,527534.000,1.000,1.000,23.630,,0.015921,-0.002,-0.002,-0.010,-0.010,-0.000
14889,2015/09/28,,11,1,6712,17461010,CFG,CITIZENS FINANCIAL GROUP INC,,CFG,522110,N,A,R,55006,0,1,6022,17461010,,,,,,,,,60.000,602.000,,,,,,,,,,,,,,,22.600,23.560,22.630,5404797.000,-0.041508,22.610,22.620,527534.000,1.000,1.000,23.400,,-0.041508,-0.027,-0.027,-0.026,-0.026,-0.026
14889,2015/09/29,,11,1,6712,17461010,CFG,CITIZENS FINANCIAL GROUP INC,,CFG,522110,N,A,R,55006,0,1,6022,17461010,,,,,,,,,60.000,602.000,,,,,,,,,,,,,,,22.565,23.440,23.220,5979255.000,0.026072,23.210,23.230,527534.000,1.000,1.000,22.760,,0.026072,-0.001,-0.001,-0.007,-0.007,0.001
14889,2015/09/30,,11,1,6712,17461010,CFG,CITIZENS FINANCIAL GROUP INC,,CFG,522110,N,A,R,55006,0,1,6022,17461010,,,,,,,,0.000,60.000,602.000,,,,,,,,,,,,,,,23.390,25.230,23.860,5608536.000,0.027563,23.840,23.850,527534.000,1.000,1.000,23.660,,0.027563,0.019,0.019,0.014,0.014,0.019
14889,2015/10/01,,11,1,6712,17461010,CFG,CITIZENS FINANCIAL GROUP INC,,CFG,522110,N,A,R,55006,0,1,6022,17461010,,,,,,,,,60.000,602.000,,,,,,,,,,,,,,,23.370,24.020,23.500,3214144.000,-0.015088,23.490,23.500,527534.000,1.000,1.000,23.750,,-0.015088,0.002,0.002,-0.002,-0.002,0.002
14889,2015/10/02,,11,1,6712,17461010,CFG,CITIZENS FINANCIAL GROUP INC,,CFG,522110,N,A,R,55006,0,1,6022,17461010,,,,,,,,,60.000,602.000,,,,,,,,,,,,,,,22.480,23.480,23.410,7919401.000,-0.003830,23.400,23.410,527534.000,1.000,1.000,22.990,,-0.003830,0.015,0.015,0.016,0.016,0.014
14889,2015/10/05,,11,1,6712,17461010,CFG,CITIZENS FINANCIAL GROUP INC,,CFG,522110,N,A,R,55006,0,1,6022,17461010,,,,,,,,,60.000,602.000,,,,,,,,,,,,,,,23.320,23.830,23.720,6639618.000,0.013242,23.700,23.710,527534.000,1.000,1.000,23.640,,0.013242,0.019,0.019,0.021,0.021,0.018
14889,2015/10/06,,11,1,6712,17461010,CFG,CITIZENS FINANCIAL GROUP INC,,CFG,522110,N,A,R,55006,0,1,6022,17461010,,,,,,,,,60.000,602.000,,,,,,,,,,,,,,,23.300,23.830,23.360,3616485.000,-0.015177,23.330,23.350,527534.000,1.000,1.000,23.660,,-0.015177,-0.003,-0.003,0.002,0.002,-0.004
14889,2015/10/07,,11,1,6712,17461010,CFG,CITIZENS FINANCIAL GROUP INC,,CFG,522110,N,A,R,55006,0,1,6022,17461010,,,,,,,,,60.000,602.000,,,,,,,,,,,,,,,23.180,23.565,23.440,4528843.000,0.003425,23.440,23.450,527534.000,1.000,1.000,23.520,,0.003425,0.010,0.010,0.012,0.012,0.008
14889,2015/10/08,,11,1,6712,17461010,CFG,CITIZENS FINANCIAL GROUP INC,,CFG,522110,N,A,R,55006,0,1,6022,17461010,,,,,,,,,60.000,602.000,,,,,,,,,,,,,,,23.240,23.640,23.520,4248742.000,0.003413,23.530,23.540,527534.000,1.000,1.000,23.430,,0.003413,0.009,0.009,0.009,0.009,0.009
14889,2015/10/09,,11,1,6712,17461010,CFG,CITIZENS FINANCIAL GROUP INC,,CFG,522110,N,A,R,55006,0,1,6022,17461010,,,,,,,,,60.000,602.000,,,,,,,,,,,,,,,23.360,23.820,23.460,3645113.000,-0.002551,23.430,23.440,527534.000,1.000,1.000,23.490,,-0.002551,0.001,0.001,0.004,0.004,0.001
14889,2015/10/12,,11,1,6712,17461010,CFG,CITIZENS FINANCIAL GROUP INC,,CFG,522110,N,A,R,55006,0,1,6022,17461010,,,,,,,,,60.000,602.000,,,,,,,,,,,,,,,23.390,23.690,23.560,1949132.000,0.004263,23.540,23.550,527534.000,1.000,1.000,23.460,,0.004263,-0.000,-0.000,-0.003,-0.003,0.001
14889,2015/10/13,,11,1,6712,17461010,CFG,CITIZENS FINANCIAL GROUP INC,,CFG,522110,N,A,R,55006,0,1,6022,17461010,,,,,,,,,60.000,602.000,,,,,,,,,,,,,,,23.380,23.620,23.460,2278114.000,-0.004244,23.430,23.440,527534.000,1.000,1.000,23.500,,-0.004244,-0.008,-0.008,-0.009,-0.009,-0.007
14889,2015/10/14,,11,1,6712,17461010,CFG,CITIZENS FINANCIAL GROUP INC,,CFG,522110,N,A,R,55006,0,1,6022,17461010,,,,,,,,,60.000,602.000,,,,,,,,,,,,,,,22.790,23.490,22.910,2973536.000,-0.023444,22.910,22.920,527534.000,1.000,1.000,23.350,,-0.023444,-0.004,-0.004,-0.003,-0.003,-0.005
14889,2015/10/15,,11,1,6712,17461010,CFG,CITIZENS FINANCIAL GROUP INC,,CFG,522110,N,A,R,55006,0,1,6022,17461010,,,,,,,,,60.000,602.000,,,,,,,,,,,,,,,22.940,23.590,23.520,3083891.000,0.026626,23.510,23.520,527534.000,1.000,1.000,23.040,,0.026626,0.015,0.015,0.016,0.016,0.015
14889,2015/10/16,,11,1,6712,17461010,CFG,CITIZENS FINANCIAL GROUP INC,,CFG,522110,N,A,R,55006,0,1,6022,17461010,,,,,,,,,60.000,602.000,,,,,,,,,,,,,,,23.220,23.780,23.220,4212344.000,-0.012755,23.240,23.260,527534.000,1.000,1.000,23.620,,-0.012755,0.003,0.003,-0.000,-0.000,0.005
14889,2015/10/19,,11,1,6712,17461010,CFG,CITIZENS FINANCIAL GROUP INC,,CFG,522110,N,A,R,55006,0,1,6022,17461010,,,,,,,,,60.000,602.000,,,,,,,,,,,,,,,23.030,23.490,23.230,3846652.000,0.000431,23.240,23.260,527534.000,1.000,1.000,23.200,,0.000431,-0.001,-0.001,-0.003,-0.003,0.000
14889,2015/10/20,,11,1,6712,17461010,CFG,CITIZENS FINANCIAL GROUP INC,,CFG,522110,N,A,R,55006,0,1,6022,17461010,,,,,,,,,60.000,602.000,,,,,,,,,,,,,,,23.160,23.600,23.390,4082217.000,0.006888,23.400,23.410,527534.000,1.000,1.000,23.230,,0.006888,-0.001,-0.001,0.001,0.001,-0.001
14889,2015/10/21,,11,1,6712,17461010,CFG,CITIZENS FINANCIAL GROUP INC,,CFG,522110,N,A,R,55006,0,1,6022,17461010,,,,,,,,,60.000,602.000,,,,,,,,,,,,,,,23.170,23.865,23.170,3922984.000,-0.009406,23.180,23.200,527534.000,1.000,1.000,23.480,,-0.009406,-0.008,-0.008,-0.011,-0.011,-0.006
14889,2015/10/22,,11,1,6712,17461010,CFG,CITIZENS FINANCIAL GROUP INC,,CFG,522110,N,A,R,55006,0,1,6022,17461010,,,,,,,,,60.000,602.000,,,,,,,,,,,,,,,22.870,23.620,22.870,9977712.000,-0.012948,22.900,22.920,527534.000,1.000,1.000,23.260,,-0.012948,0.014,0.014,0.007,0.007,0.017
14889,2015/10/23,,11,1,6712,17461010,CFG,CITIZENS FINANCIAL GROUP INC,,CFG,522110,N,A,R,55006,0,1,6022,17461010,,,,,,,,,60.000,602.000,,,,,,,,,,,,,,,23.210,24.300,24.220,9488362.000,0.059029,24.210,24.220,527534.000,1.000,1.000,23.550,,0.059029,0.010,0.010,0.006,0.006,0.011
14889,2015/10/26,,11,1,6712,17461010,CFG,CITIZENS FINANCIAL GROUP INC,,CFG,522110,N,A,R,55006,0,1,6022,17461010,,,,,,,,,60.000,602.000,,,,,,,,,,,,,,,23.560,24.490,23.600,4690049.000,-0.025599,23.600,23.610,527534.000,1.000,1.000,24.250,,-0.025599,-0.003,-0.003,-0.006,-0.006,-0.002
14889,2015/10/27,,11,1,6712,17461010,CFG,CITIZENS FINANCIAL GROUP INC,,CFG,522110,N,A,R,55006,0,1,6022,17461010,,,,,,,,,60.000,602.000,,,,,,,,,,,,,,,23.270,23.800,23.530,4038042.000,-0.002966,23.510,23.520,527534.000,1.000,1.000,23.420,,-0.002966,-0.004,-0.004,-0.011,-0.011,-0.003
14889,2015/10/28,,11,1,6712,17461010,CFG,CITIZENS FINANCIAL GROUP INC,,CFG,522110,N,A,R,55006,0,1,6022,17461010,,,,,,,,,60.000,602.000,,,,,,,,,,,,,,,23.520,24.440,24.180,5537429.000,0.027624,24.180,24.200,527534.000,1.000,1.000,23.520,,0.027624,0.014,0.014,0.017,0.016,0.012
14889,2015/10/29,,11,1,6712,17461010,CFG,CITIZENS FINANCIAL GROUP INC,,CFG,522110,N,A,R,55006,0,1,6022,17461010,,,,,,,,,60.000,602.000,,,,,,,,,,,,,,,24.010,24.430,24.110,4366124.000,-0.002895,24.090,24.100,527534.000,1.000,1.000,24.180,,-0.002895,-0.002,-0.002,-0.006,-0.006,-0.000
14889,2015/10/30,,11,1,6712,17461010,CFG,CITIZENS FINANCIAL GROUP INC,,CFG,522110,N,A,R,55006,0,1,6022,17461010,,,,,,,,0.000,60.000,602.000,,,,,,,,,,,,,,,23.730,24.390,24.300,50057616.000,0.007880,24.190,24.200,527637.000,1.000,1.000,23.750,,0.007880,-0.004,-0.004,-0.001,-0.001,-0.005
14889,2015/11/02,,11,1,6712,17461010,CFG,CITIZENS FINANCIAL GROUP INC,,CFG,522110,N,A,R,55006,0,1,6022,17461010,,,,,,,,,60.000,602.000,,,,,,,,,,,,,,,24.120,24.700,24.450,14762883.000,0.006173,24.450,24.460,527637.000,1.000,1.000,24.580,,0.006173,0.012,0.012,0.015,0.015,0.012
14889,2015/11/03,,11,1,6712,17461010,CFG,CITIZENS FINANCIAL GROUP INC,,CFG,522110,N,A,R,55006,0,1,6022,17461010,2015/10/22,,,,,2015/11/19,2015/11/05,0.000,60.000,602.000,1232.000,0.100,0.000,0.000,,,,,,,,,,,24.140,24.620,24.420,6333828.000,0.002863,24.430,24.440,527637.000,1.000,1.000,24.460,,-0.001227,0.003,0.003,0.006,0.006,0.003
14889,2015/11/04,,11,1,6712,17461010,CFG,CITIZENS FINANCIAL GROUP INC,,CFG,522110,N,A,R,55006,0,1,6022,17461010,,,,,,,,,60.000,602.000,,,,,,,,,,,,,,,24.200,24.740,24.530,11117454.000,0.004505,24.530,24.540,527637.000,1.000,1.000,24.550,,0.004505,-0.003,-0.004,-0.002,-0.002,-0.004
14889,2015/11/05,,11,1,6712,17461010,CFG,CITIZENS FINANCIAL GROUP INC,,CFG,522110,N,A,R,55006,0,1,6022,17461010,,,,,,,,,60.000,602.000,,,,,,,,,,,,,,,24.440,24.930,24.610,10044551.000,0.003261,24.600,24.610,527637.000,1.000,1.000,24.470,,0.003261,-0.001,-0.002,-0.003,-0.003,-0.001
14889,2015/11/06,,11,1,6712,17461010,CFG,CITIZENS FINANCIAL GROUP INC,,CFG,522110,N,A,R,55006,0,1,6022,17461010,,,,,,,,,60.000,602.000,,,,,,,,,,,,,,,25.120,25.970,25.730,16322334.000,0.045510,25.700,25.710,527637.000,1.000,1.000,25.470,,0.045510,-0.000,-0.000,0.001,0.001,-0.000
14889,2015/11/09,,11,1,6712,17461010,CFG,CITIZENS FINANCIAL GROUP INC,,CFG,522110,N,A,R,55006,0,1,6022,17461010,,,,,,,,,60.000,602.000,,,,,,,,,,,,,,,25.480,26.050,25.870,10013793.000,0.005441,25.840,25.850,527637.000,1.000,1.000,25.730,,0.005441,-0.010,-0.010,-0.009,-0.009,-0.010
14889,2015/11/10,,11,1,6712,17461010,CFG,CITIZENS FINANCIAL GROUP INC,,CFG,522110,N,A,R,55006,0,1,6022,17461010,,,,,,,,,60.000,602.000,,,,,,,,,,,,,,,25.770,26.090,26.000,14272576.000,0.005025,26.010,26.020,527637.000,1.000,1.000,25.870,,0.005025,0.001,0.001,-0.002,-0.003,0.002
14889,2015/11/11,,11,1,6712,17461010,CFG,CITIZENS FINANCIAL GROUP INC,,CFG,522110,N,A,R,55006,0,1,6022,17461010,,,,,,,,,60.000,602.000,,,,,,,,,,,,,,,25.890,26.130,26.090,6577571.000,0.003462,26.090,26.100,527637.000,1.000,1.000,26.000,,0.003462,-0.004,-0.004,-0.006,-0.006,-0.003
14889,2015/11/12,,11,1,6712,17461010,CFG,CITIZENS FINANCIAL GROUP INC,,CFG,522110,N,A,R,55006,0,1,6022,17461010,,,,,,,,,60.000,602.000,,,,,,,,,,,,,,,25.490,25.950,25.510,8336209.000,-0.022231,25.500,25.510,527637.000,1.000,1.000,25.750,,-0.022231,-0.015,-0.015,-0.014,-0.014,-0.014
14889,2015/11/13,,11,1,6712,17461010,CFG,CITIZENS FINANCIAL GROUP INC,,CFG,522110,N,A,R,55006,0,1,6022,17461010,,,,,,,,,60.000,602.000,,,,,,,,,,,,,,,25.220,25.600,25.530,9834203.000,0.000784,25.520,25.530,527637.000,1.000,1.000,25.490,,0.000784,-0.010,-0.010,-0.006,-0.006,-0.011
14889,2015/11/16,,11,1,6712,17461010,CFG,CITIZENS FINANCIAL GROUP INC,,CFG,522110,N,A,R,55006,0,1,6022,17461010,,,,,,,,,60.000,602.000,,,,,,,,,,,,,,,25.270,25.720,25.680,6910850.000,0.005875,25.660,25.670,527637.000,1.000,1.000,25.600,,0.005875,0.014,0.014,0.006,0.006,0.015
14889,2015/11/17,,11,1,6712,17461010,CFG,CITIZENS FINANCIAL GROUP INC,,CFG,522110,N,A,R,55006,0,1,6022,17461010,,,,,,,,,60.000,602.000,,,,,,,,,,,,,,,25.520,25.910,25.600,4455494.000,-0.003115,25.590,25.600,527637.000,1.000,1.000,25.720,,-0.003115,-0.001,-0.002,-0.004,-0.004,-0.001
14889,2015/11/18,,11,1,6712,17461010,CFG,CITIZENS FINANCIAL GROUP INC,,CFG,522110,N,A,R,55006,0,1,6022,17461010,,,,,,,,,60.000,602.000,,,,,,,,,,,,,,,25.610,26.220,26.200,5740149.000,0.023438,26.190,26.200,527637.000,1.000,1.000,25.730,,0.023438,0.015,0.015,0.010,0.009,0.016
14889,2015/11/19,,11,1,6712,17461010,CFG,CITIZENS FINANCIAL GROUP INC,,CFG,522110,N,A,R,55006,0,1,6022,17461010,,,,,,,,,60.000,602.000,,,,,,,,,,,,,,,25.900,26.240,26.120,3415426.000,-0.003053,26.110,26.120,527637.000,1.000,1.000,26.100,,-0.003053,-0.001,-0.001,-0.001,-0.001,-0.001
14889,2015/11/20,,11,1,6712,17461010,CFG,CITIZENS FINANCIAL GROUP INC,,CFG,522110,N,A,R,55006,0,1,6022,17461010,,,,,,,,,60.000,602.000,,,,,,,,,,,,,,,25.870,26.310,26.020,3096774.000,-0.003828,26.000,26.010,527637.000,1.000,1.000,26.310,,-0.003828,0.003,0.003,0.002,0.002,0.004
14889,2015/11/23,,11,1,6712,17461010,CFG,CITIZENS FINANCIAL GROUP INC,,CFG,522110,N,A,R,55006,0,1,6022,17461010,,,,,,,,,60.000,602.000,,,,,,,,,,,,,,,25.670,26.180,25.740,4369367.000,-0.010761,25.730,25.740,527637.000,1.000,1.000,25.970,,-0.010761,-0.001,-0.001,0.002,0.002,-0.001
14889,2015/11/24,,11,1,6712,17461010,CFG,CITIZENS FINANCIAL GROUP INC,,CFG,522110,N,A,R,55006,0,1,6022,17461010,,,,,,,,,60.000,602.000,,,,,,,,,,,,,,,25.510,26.150,26.130,4961056.000,0.015151,26.110,26.120,527637.000,1.000,1.000,25.640,,0.015151,0.002,0.002,0.006,0.006,0.001
14889,2015/11/25,,11,1,6712,17461010,CFG,CITIZENS FINANCIAL GROUP INC,,CFG,522110,N,A,R,55006,0,1,6022,17461010,,,,,,,,,60.000,602.000,,,,,,,,,,,,,,,25.937,26.280,26.260,4382771.000,0.004975,26.250,26.260,527637.000,1.000,1.000,26.130,,0.004975,0.001,0.001,0.005,0.005,-0.000
14889,2015/11/27,,11,1,6712,17461010,CFG,CITIZENS FINANCIAL GROUP INC,,CFG,522110,N,A,R,55006,0,1,6022,17461010,,,,,,,,,60.000,602.000,,,,,,,,,,,,,,,26.145,26.500,26.390,2250585.000,0.004950,26.370,26.380,527637.000,1.000,1.000,26.230,,0.004950,0.001,0.001,0.002,0.002,0.001
14889,2015/11/30,,11,1,6712,17461010,CFG,CITIZENS FINANCIAL GROUP INC,,CFG,522110,N,A,R,55006,0,1,6022,17461010,,,,,,,,0.000,60.000,602.000,,,,,,,,,,,,,,,26.255,26.650,26.630,9731830.000,0.009094,26.620,26.630,527637.000,1.000,1.000,26.430,,0.009094,-0.004,-0.004,-0.000,-0.000,-0.005
14889,2015/12/01,,11,1,6712,17461010,CFG,CITIZENS FINANCIAL GROUP INC,,CFG,522110,N,A,R,55006,0,1,6022,17461010,,,,,,,,,60.000,602.000,,,,,,,,,,,,,,,26.280,26.870,26.500,6003052.000,-0.004882,26.510,26.520,527637.000,1.000,1.000,26.810,,-0.004882,0.010,0.009,0.006,0.006,0.011
14889,2015/12/02,,11,1,6712,17461010,CFG,CITIZENS FINANCIAL GROUP INC,,CFG,522110,N,A,R,55006,0,1,6022,17461010,,,,,,,,,60.000,602.000,,,,,,,,,,,,,,,26.460,26.860,26.640,10319973.000,0.005283,26.640,26.650,527637.000,1.000,1.000,26.750,,0.005283,-0.011,-0.011,-0.009,-0.010,-0.011
14889,2015/12/03,,11,1,6712,17461010,CFG,CITIZENS FINANCIAL GROUP INC,,CFG,522110,N,A,R,55006,0,1,6022,17461010,,,,,,,,,60.000,602.000,,,,,,,,,,,,,,,26.380,26.840,26.470,10031704.000,-0.006381,26.450,26.460,527637.000,1.000,1.000,26.830,,-0.006381,-0.014,-0.014,-0.011,-0.011,-0.014
14889,2015/12/04,,11,1,6712,17461010,CFG,CITIZENS FINANCIAL GROUP INC,,CFG,522110,N,A,R,55006,0,1,6022,17461010,,,,,,,,,60.000,602.000,,,,,,,,,,,,,,,26.460,27.140,27.120,5481809.000,0.024556,27.090,27.100,527637.000,1.000,1.000,26.690,,0.024556,0.016,0.016,0.004,0.004,0.021
14889,2015/12/07,,11,1,6712,17461010,CFG,CITIZENS FINANCIAL GROUP INC,,CFG,522110,N,A,R,55006,0,1,6022,17461010,,,,,,,,,60.000,602.000,,,,,,,,,,,,,,,26.365,27.170,26.510,5337872.000,-0.022493,26.500,26.510,527637.000,1.000,1.000,27.100,,-0.022493,-0.010,-0.010,-0.016,-0.016,-0.007
14889,2015/12/08,,11,1,6712,17461010,CFG,CITIZENS FINANCIAL GROUP INC,,CFG,522110,N,A,R,55006,0,1,6022,17461010,,,,,,,,,60.000,602.000,,,,,,,,,,,,,,,26.090,26.550,26.410,4656418.000,-0.003772,26.420,26.430,527637.000,1.000,1.000,26.250,,-0.003772,-0.006,-0.006,-0.005,-0.005,-0.006
14889,2015/12/09,,11,1,6712,17461010,CFG,CITIZENS FINANCIAL GROUP INC,,CFG,522110,N,A,R,55006,0,1,6022,17461010,,,,,,,,,60.000,602.000,,,,,,,,,,,,,,,25.790,26.740,26.100,6760607.000,-0.011738,26.110,26.120,527637.000,1.000,1.000,26.330,,-0.011738,-0.007,-0.007,-0.004,-0.004,-0.008
14889,2015/12/10,,11,1,6712,17461010,CFG,CITIZENS FINANCIAL GROUP INC,,CFG,522110,N,A,R,55006,0,1,6022,17461010,,,,,,,,,60.000,602.000,,,,,,,,,,,,,,,26.040,26.570,26.300,3559700.000,0.007663,26.280,26.290,527637.000,1.000,1.000,26.100,,0.007663,0.002,0.002,0.002,0.002,0.002
14889,2015/12/11,,11,1,6712,17461010,CFG,CITIZENS FINANCIAL GROUP INC,,CFG,522110,N,A,R,55006,0,1,6022,17461010,,,,,,,,,60.000,602.000,,,,,,,,,,,,,,,25.370,26.170,25.610,6501257.000,-0.026236,25.600,25.610,527637.000,1.000,1.000,25.960,,-0.026236,-0.020,-0.020,-0.019,-0.020,-0.019
14889,2015/12/14,,11,1,6712,17461010,CFG,CITIZENS FINANCIAL GROUP INC,,CFG,522110,N,A,R,55006,0,1,6022,17461010,,,,,,,,,60.000,602.000,,,,,,,,,,,,,,,25.400,25.960,25.720,5119776.000,0.004295,25.730,25.740,527637.000,1.000,1.000,25.740,,0.004295,0.002,0.002,-0.010,-0.010,0.005
14889,2015/12/15,,11,1,6712,17461010,CFG,CITIZENS FINANCIAL GROUP INC,,CFG,522110,N,A,R,55006,0,1,6022,17461010,,,,,,,,,60.000,602.000,,,,,,,,,,,,,,,26.040,26.700,26.540,5446091.000,0.031882,26.520,26.530,527637.000,1.000,1.000,26.180,,0.031882,0.011,0.011,0.010,0.010,0.011
14889,2015/12/16,,11,1,6712,17461010,CFG,CITIZENS FINANCIAL GROUP INC,,CFG,522110,N,A,R,55006,0,1,6022,17461010,,,,,,,,,60.000,602.000,,,,,,,,,,,,,,,25.930,27.020,26.910,9246998.000,0.013941,26.890,26.900,527637.000,1.000,1.000,26.750,,0.013941,0.015,0.015,0.013,0.013,0.015
14889,2015/12/17,,11,1,6712,17461010,CFG,CITIZENS FINANCIAL GROUP INC,,CFG,522110,N,A,R,55006,0,1,6022,17461010,,,,,,,,,60.000,602.000,,,,,,,,,,,,,,,26.425,27.080,26.480,5395134.000,-0.015979,26.460,26.470,527637.000,1.000,1.000,26.910,,-0.015979,-0.015,-0.015,-0.008,-0.008,-0.015
14889,2015/12/18,,11,1,6712,17461010,CFG,CITIZENS FINANCIAL GROUP INC,,CFG,522110,N,A,R,55006,0,1,6022,17461010,,,,,,,,,60.000,602.000,,,,,,,,,,,,,,,25.840,26.450,25.900,10143885.000,-0.021903,25.870,25.880,527637.000,1.000,1.000,26.390,,-0.021903,-0.015,-0.015,-0.005,-0.005,-0.018
14889,2015/12/21,,11,1,6712,17461010,CFG,CITIZENS FINANCIAL GROUP INC,,CFG,522110,N,A,R,55006,0,1,6022,17461010,,,,,,,,,60.000,602.000,,,,,,,,,,,,,,,25.731,26.340,26.030,4147933.000,0.005019,26.010,26.020,527637.000,1.000,1.000,26.140,,0.005019,0.007,0.007,0.005,0.004,0.008
14889,2015/12/22,,11,1,6712,17461010,CFG,CITIZENS FINANCIAL GROUP INC,,CFG,522110,N,A,R,55006,0,1,6022,17461010,,,,,,,,,60.000,602.000,,,,,,,,,,,,,,,25.700,26.460,26.250,5388913.000,0.008452,26.260,26.270,527637.000,1.000,1.000,26.160,,0.008452,0.009,0.009,0.008,0.008,0.009
14889,2015/12/23,,11,1,6712,17461010,CFG,CITIZENS FINANCIAL GROUP INC,,CFG,522110,N,A,R,55006,0,1,6022,17461010,,,,,,,,,60.000,602.000,,,,,,,,,,,,,,,26.170,26.540,26.520,3890878.000,0.010286,26.500,26.510,527637.000,1.000,1.000,26.350,,0.010286,0.014,0.014,0.016,0.016,0.012
14889,2015/12/24,,11,1,6712,17461010,CFG,CITIZENS FINANCIAL GROUP INC,,CFG,522110,N,A,R,55006,0,1,6022,17461010,,,,,,,,,60.000,602.000,,,,,,,,,,,,,,,26.370,26.680,26.600,1072633.000,0.003017,26.570,26.580,527637.000,1.000,1.000,26.450,,0.003017,-0.001,-0.001,0.002,0.002,-0.002
14889,2015/12/28,,11,1,6712,17461010,CFG,CITIZENS FINANCIAL GROUP INC,,CFG,522110,N,A,R,55006,0,1,6022,17461010,,,,,,,,,60.000,602.000,,,,,,,,,,,,,,,26.080,26.470,26.410,2238780.000,-0.007143,26.410,26.420,527637.000,1.000,1.000,26.440,,-0.007143,-0.003,-0.003,-0.007,-0.008,-0.002
14889,2015/12/29,,11,1,6712,17461010,CFG,CITIZENS FINANCIAL GROUP INC,,CFG,522110,N,A,R,55006,0,1,6022,17461010,,,,,,,,,60.000,602.000,,,,,,,,,,,,,,,26.490,26.805,26.620,2872003.000,0.007952,26.630,26.640,527637.000,1.000,1.000,26.540,,0.007952,0.010,0.010,0.006,0.005,0.011
14889,2015/12/30,,11,1,6712,17461010,CFG,CITIZENS FINANCIAL GROUP INC,,CFG,522110,N,A,R,55006,0,1,6022,17461010,,,,,,,,,60.000,602.000,,,,,,,,,,,,,,,26.260,26.660,26.300,2062938.000,-0.012021,26.290,26.300,527637.000,1.000,1.000,26.490,,-0.012021,-0.007,-0.007,-0.007,-0.007,-0.007
14889,2015/12/31,,11,1,6712,17461010,CFG,CITIZENS FINANCIAL GROUP INC,,CFG,522110,N,A,R,55006,0,1,6022,17461010,,,,,,,,0.000,60.000,602.000,,,,,,,,,,,,,,,26.140,26.490,26.190,2307032.000,-0.004182,26.160,26.170,527637.000,1.000,1.000,26.220,,-0.004182,-0.008,-0.008,-0.002,-0.002,-0.009
14889,2016/01/04,,11,1,6712,17461010,CFG,CITIZENS FINANCIAL GROUP INC,,CFG,522110,N,A,R,55006,0,1,6022,17461010,,,,,,,,,60.000,602.000,,,,,,,,,,,,,,,25.455,25.990,25.800,5598680.000,-0.014891,25.780,25.800,527637.000,1.000,1.000,25.710,,-0.014891,-0.015,-0.015,-0.012,-0.012,-0.015
14889,2016/01/05,,11,1,6712,17461010,CFG,CITIZENS FINANCIAL GROUP INC,,CFG,522110,N,A,R,55006,0,1,6022,17461010,,,,,,,,,60.000,602.000,,,,,,,,,,,,,,,25.520,25.950,25.680,6389320.000,-0.004651,25.680,25.690,527637.000,1.000,1.000,25.770,,-0.004651,0.001,0.001,0.000,0.000,0.002
14889,2016/01/06,,11,1,6712,17461010,CFG,CITIZENS FINANCIAL GROUP INC,,CFG,522110,N,A,R,55006,0,1,6022,17461010,,,,,,,,,60.000,602.000,,,,,,,,,,,,,,,25.150,25.530,25.280,5418826.000,-0.015576,25.280,25.290,527637.000,1.000,1.000,25.300,,-0.015576,-0.014,-0.014,-0.013,-0.014,-0.013
14889,2016/01/07,,11,1,6712,17461010,CFG,CITIZENS FINANCIAL GROUP INC,,CFG,522110,N,A,R,55006,0,1,6022,17461010,,,,,,,,,60.000,602.000,,,,,,,,,,,,,,,24.300,24.915,24.590,4976747.000,-0.027294,24.590,24.600,527637.000,1.000,1.000,24.790,,-0.027294,-0.024,-0.024,-0.025,-0.025,-0.024
14889,2016/01/08,,11,1,6712,17461010,CFG,CITIZENS FINANCIAL GROUP INC,,CFG,522110,N,A,R,55006,0,1,6022,17461010,,,,,,,,,60.000,602.000,,,,,,,,,,,,,,,23.660,24.880,23.820,10583671.000,-0.031314,23.800,23.810,527637.000,1.000,1.000,24.810,,-0.031314,-0.011,-0.011,-0.010,-0.010,-0.011
14889,2016/01/11,,11,1,6712,17461010,CFG,CITIZENS FINANCIAL GROUP INC,,CFG,522110,N,A,R,55006,0,1,6022,17461010,,,,,,,,,60.000,602.000,,,,,,,,,,,,,,,23.670,24.240,23.900,6981390.000,0.003359,23.880,23.890,527637.000,1.000,1.000,24.180,,0.003359,-0.002,-0.002,-0.011,-0.011,0.001
14889,2016/01/12,,11,1,6712,17461010,CFG,CITIZENS FINANCIAL GROUP INC,,CFG,522110,N,A,R,55006,0,1,6022,17461010,,,,,,,,,60.000,602.000,,,,,,,,,,,,,,,23.590,24.150,23.900,7081660.000,0.000000,23.900,23.910,527637.000,1.000,1.000,24.100,,0.000000,0.006,0.006,-0.003,-0.003,0.008
14889,2016/01/13,,11,1,6712,17461010,CFG,CITIZENS FINANCIAL GROUP INC,,CFG,522110,N,A,R,55006,0,1,6022,17461010,,,,,,,,,60.000,602.000,,,,,,,,,,,,,,,22.955,24.150,23.220,8078080.000,-0.028452,23.210,23.220,527637.000,1.000,1.000,24.080,,-0.028452,-0.026,-0.026,-0.025,-0.026,-0.025
14889,2016/01/14,,11,1,6712,17461010,CFG,CITIZENS FINANCIAL GROUP INC,,CFG,522110,N,A,R,55006,0,1,6022,17461010,,,,,,,,,60.000,602.000,,,,,,,,,,,,,,,22.600,23.380,22.900,9374018.000,-0.013781,22.870,22.880,527637.000,1.000,1.000,23.340,,-0.013781,0.015,0.015,0.012,0.012,0.017
14889,2016/01/15,,11,1,6712,17461010,CFG,CITIZENS FINANCIAL GROUP INC,,CFG,522110,N,A,R,55006,0,1,6022,17461010,,,,,,,,,60.000,602.000,,,,,,,,,,,,,,,21.700,22.470,22.320,12940826.000,-0.025328,22.300,22.310,527637.000,1.000,1.000,22.190,,-0.025328,-0.022,-0.022,-0.021,-0.021,-0.022
14889,2016/01/19,,11,1,6712,17461010,CFG,CITIZENS FINANCIAL GROUP INC,,CFG,522110,N,A,R,55006,0,1,6022,17461010,,,,,,,,,60.000,602.000,,,,,,,,,,,,,,,22.040,22.705,22.230,9794335.000,-0.004032,22.210,22.220,527637.000,1.000,1.000,22.600,,-0.004032,-0.002,-0.002,-0.012,-0.012,0.001
14889,2016/01/20,,11,1,6712,17461010,CFG,CITIZENS FINANCIAL GROUP INC,,CFG,522110,N,A,R,55006,0,1,6022,17461010,,,,,,,,,60.000,602.000,,,,,,,,,,,,,,,21.000,21.970,21.600,11156408.000,-0.028340,21.580,21.590,527637.000,1.000,1.000,21.870,,-0.028340,-0.011,-0.011,-0.006,-0.006,-0.012
14889,2016/01/21,,11,1,6712,17461010,CFG,CITIZENS FINANCIAL GROUP INC,,CFG,522110,N,A,R,55006,0,1,6022,17461010,,,,,,,,,60.000,602.000,,,,,,,,,,,,,,,21.125,21.840,21.330,9819577.000,-0.012500,21.310,21.320,527637.000,1.000,1.000,21.630,,-0.012500,0.006,0.006,0.010,0.010,0.005
14889,2016/01/22,,11,1,6712,17461010,CFG,CITIZENS FINANCIAL GROUP INC,,CFG,522110,N,A,R,55006,0,1,6022,17461010,,,,,,,,,60.000,602.000,,,,,,,,,,,,,,,19.750,21.800,20.780,23182214.000,-0.025785,20.770,20.780,527637.000,1.000,1.000,21.650,,-0.025785,0.022,0.022,0.024,0.024,0.020
14889,2016/01/25,,11,1,6712,17461010,CFG,CITIZENS FINANCIAL GROUP INC,,CFG,522110,N,A,R,55006,0,1,6022,17461010,,,,,,,,,60.000,602.000,,,,,,,,,,,,,,,19.730,20.915,19.790,12599250.000,-0.047642,19.770,19.780,527637.000,1.000,1.000,20.780,,-0.047642,-0.017,-0.017,-0.016,-0.016,-0.016
14889,2016/01/26,,11,1,6712,17461010,CFG,CITIZENS FINANCIAL GROUP INC,,CFG,522110,N,A,R,55006,0,1,6022,17461010,,,,,,,,,60.000,602.000,,,,,,,,,,,,,,,19.970,20.570,20.290,16250899.000,0.025265,20.280,20.300,527637.000,1.000,1.000,19.970,,0.025265,0.016,0.016,0.017,0.017,0.014
14889,2016/01/27,,11,1,6712,17461010,CFG,CITIZENS FINANCIAL GROUP INC,,CFG,522110,N,A,R,55006,0,1,6022,17461010,,,,,,,,,60.000,602.000,,,,,,,,,,,,,,,20.800,21.610,21.210,33935556.000,0.045342,21.200,21.210,527637.000,1.000,1.000,20.980,,0.045342,-0.011,-0.011,-0.008,-0.008,-0.011
14889,2016/01/28,,11,1,6712,17461010,CFG,CITIZENS FINANCIAL GROUP INC,,CFG,522110,N,A,R,55006,0,1,6022,17461010,,,,,,,,,60.000,602.000,,,,,,,,,,,,,,,21.140,21.850,21.740,21318123.000,0.024988,21.740,21.750,527637.000,1.000,1.000,21.500,,0.024988,0.005,0.005,0.003,0.003,0.006
14889,2016/01/29,,11,1,6712,17461010,CFG,CITIZENS FINANCIAL GROUP INC,,CFG,522110,N,A,R,55006,0,1,6022,17461010,,,,,,,,0.000,60.000,602.000,,,,,,,,,,,,,,,21.250,21.950,21.250,94875312.000,-0.022539,21.350,21.360,527774.000,1.000,1.000,21.880,,-0.022539,0.025,0.025,0.023,0.023,0.025
14889,2016/02/01,,11,1,6712,17461010,CFG,CITIZENS FINANCIAL GROUP INC,,CFG,522110,N,A,R,55006,0,1,6022,17461010,,,,,,,,,60.000,602.000,,,,,,,,,,,,,,,20.560,21.210,20.780,10618374.000,-0.022118,20.770,20.780,527774.000,1.000,1.000,21.110,,-0.022118,-0.000,-0.000,-0.001,-0.001,-0.000
14889,2016/02/02,,11,1,6712,17461010,CFG,CITIZENS FINANCIAL GROUP INC,,CFG,522110,N,A,R,55006,0,1,6022,17461010,2016/01/21,,,,,2016/02/18,2016/02/04,0.000,60.000,602.000,1232.000,0.100,0.000,0.000,,,,,,,,,,,20.080,20.620,20.210,12990517.000,-0.022618,20.210,20.220,527774.000,1.000,1.000,20.510,,-0.027430,-0.020,-0.020,-0.019,-0.019,-0.019
14889,2016/02/03,,11,1,6712,17461010,CFG,CITIZENS FINANCIAL GROUP INC,,CFG,522110,N,A,R,55006,0,1,6022,17461010,,,,,,,,,60.000,602.000,,,,,,,,,,,,,,,19.250,20.305,20.050,14336067.000,-0.007917,20.030,20.040,527774.000,1.000,1.000,20.270,,-0.007917,0.006,0.005,0.006,0.006,0.005
14889,2016/02/04,,11,1,6712,17461010,CFG,CITIZENS FINANCIAL GROUP INC,,CFG,522110,N,A,R,55006,0,1,6022,17461010,,,,,,,,,60.000,602.000,,,,,,,,,,,,,,,19.890,20.550,20.230,9247739.000,0.008978,20.220,20.230,527774.000,1.000,1.000,20.040,,0.008978,0.004,0.003,0.007,0.007,0.002
14889,2016/02/05,,11,1,6712,17461010,CFG,CITIZENS FINANCIAL GROUP INC,,CFG,522110,N,A,R,55006,0,1,6022,17461010,,,,,,,,,60.000,602.000,,,,,,,,,,,,,,,19.760,20.620,19.850,8105887.000,-0.018784,19.850,19.860,527774.000,1.000,1.000,20.260,,-0.018784,-0.020,-0.020,-0.018,-0.018,-0.018
14889,2016/02/08,,11,1,6712,17461010,CFG,CITIZENS FINANCIAL GROUP INC,,CFG,522110,N,A,R,55006,0,1,6022,17461010,,,,,,,,,60.000,602.000,,,,,,,,,,,,,,,18.950,19.740,19.200,10227045.000,-0.032746,19.200,19.210,527774.000,1.000,1.000,19.520,,-0.032746,-0.017,-0.017,-0.020,-0.020,-0.014
14889,2016/02/09,,11,1,6712,17461010,CFG,CITIZENS FINANCIAL GROUP INC,,CFG,522110,N,A,R,55006,0,1,6022,17461010,,,,,,,,,60.000,602.000,,,,,,,,,,,,,,,18.890,19.610,19.550,10511868.000,0.018229,19.540,19.550,527774.000,1.000,1.000,18.930,,0.018229,-0.003,-0.003,-0.010,-0.010,-0.001
14889,2016/02/10,,11,1,6712,17461010,CFG,CITIZENS FINANCIAL GROUP INC,,CFG,522110,N,A,R,55006,0,1,6022,17461010,,,,,,,,,60.000,602.000,,,,,,,,,,,,,,,18.795,19.760,18.860,10445868.000,-0.035294,18.860,18.870,527774.000,1.000,1.000,19.630,,-0.035294,0.000,-0.000,-0.000,-0.001,-0.000
14889,2016/02/11,,11,1,6712,17461010,CFG,CITIZENS FINANCIAL GROUP INC,,CFG,522110,N,A,R,55006,0,1,6022,17461010,,,,,,,,,60.000,602.000,,,,,,,,,,,,,,,18.040,18.650,18.140,8392723.000,-0.038176,18.120,18.130,527774.000,1.000,1.000,18.450,,-0.038176,-0.012,-0.012,-0.011,-0.011,-0.012
14889,2016/02/12,,11,1,6712,17461010,CFG,CITIZENS FINANCIAL GROUP INC,,CFG,522110,N,A,R,55006,0,1,6022,17461010,,,,,,,,,60.000,602.000,,,,,,,,,,,,,,,18.320,18.990,18.890,9360754.000,0.041345,18.880,18.890,527774.000,1.000,1.000,18.600,,0.041345,0.020,0.020,0.017,0.017,0.020
14889,2016/02/16,,11,1,6712,17461010,CFG,CITIZENS FINANCIAL GROUP INC,,CFG,522110,N,A,R,55006,0,1,6022,17461010,,,,,,,,,60.000,602.000,,,,,,,,,,,,,,,18.900,19.755,19.360,8897699.000,0.024881,19.350,19.360,527774.000,1.000,1.000,19.150,,0.024881,0.018,0.017,0.019,0.019,0.017
14889,2016/02/17,,11,1,6712,17461010,CFG,CITIZENS FINANCIAL GROUP INC,,CFG,522110,N,A,R,55006,0,1,6022,17461010,,,,,,,,,60.000,602.000,,,,,,,,,,,,,,,19.450,20.250,19.650,9440450.000,0.014979,19.650,19.660,527774.000,1.000,1.000,19.590,,0.014979,0.018,0.018,0.020,0.020,0.016
14889,2016/02/18,,11,1,6712,17461010,CFG,CITIZENS FINANCIAL GROUP INC,,CFG,522110,N,A,R,55006,0,1,6022,17461010,,,,,,,,,60.000,602.000,,,,,,,,,,,,,,,18.960,19.810,19.110,7980708.000,-0.027481,19.110,19.120,527774.000,1.000,1.000,19.670,,-0.027481,-0.004,-0.004,-0.003,-0.003,-0.005
14889,2016/02/19,,11,1,6712,17461010,CFG,CITIZENS FINANCIAL GROUP INC,,CFG,522110,N,A,R,55006,0,1,6022,17461010,,,,,,,,,60.000,602.000,,,,,,,,,,,,,,,18.885,19.300,19.240,4536115.000,0.006803,19.230,19.240,527774.000,1.000,1.000,19.110,,0.006803,-0.000,-0.000,-0.000,-0.000,-0.000
14889,2016/02/22,,11,1,6712,17461010,CFG,CITIZENS FINANCIAL GROUP INC,,CFG,522110,N,A,R,55006,0,1,6022,17461010,,,,,,,,,60.000,602.000,,,,,,,,,,,,,,,19.440,19.820,19.800,4789683.000,0.029106,19.790,19.800,527774.000,1.000,1.000,19.570,,0.029106,0.014,0.014,0.014,0.014,0.014
14889,2016/02/23,,11,1,6712,17461010,CFG,CITIZENS FINANCIAL GROUP INC,,CFG,522110,N,A,R,55006,0,1,6022,17461010,,,,,,,,,60.000,602.000,,,,,,,,,,,,,,,19.095,19.810,19.370,6184355.000,-0.021717,19.360,19.370,527774.000,1.000,1.000,19.730,,-0.021717,-0.012,-0.012,-0.010,-0.010,-0.012
