PERMNO,date,NAMEENDT,SHRCD,EXCHCD,SICCD,NCUSIP,TICKER,COMNAM,SHRCLS,TSYMBOL,NAICS,PRIMEXCH,TRDSTAT,SECSTAT,PERMCO,ISSUNO,HEXCD,HSICCD,CUSIP,DCLRDT,DLAMT,DLPDT,DLSTCD,NEXTDT,PAYDT,RCRDDT,SHRFLG,HSICMG,HSICIG,DISTCD,DIVAMT,FACPR,FACSHR,ACPERM,ACCOMP,NWPERM,DLRETX,DLPRC,DLRET,TRTSCD,NMSIND,MMCNT,NSDINX,BIDLO,ASKHI,PRC,VOL,RET,BID,ASK,SHROUT,CFACPR,CFACSHR,OPENPRC,NUMTRD,RETX,vwretd,vwretx,ewretd,ewretx,sprtrn
23393,2001/01/02,,11,1,2841,17134010,CHD,CHURCH & DWIGHT INC,,,,N,A,R,1103,1421,1,2841,17134010,,,,,,,,,,,,,,,,,,,,,,,,,21.500,22.312,21.625,134300.000,-0.028090,,,38140.000,6.000,6.000,22.250,,-0.028090,-0.034,-0.034,-0.001,-0.001,-0.028
23393,2001/01/03,,11,1,2841,17134010,CHD,CHURCH & DWIGHT INC,,,,N,A,R,1103,1421,1,2841,17134010,,,,,,,,,,,,,,,,,,,,,,,,,20.750,21.875,20.938,171500.000,-0.031792,,,38140.000,6.000,6.000,21.875,,-0.031792,0.053,0.053,0.046,0.046,0.050
23393,2001/01/04,,11,1,2841,17134010,CHD,CHURCH & DWIGHT INC,,,,N,A,R,1103,1421,1,2841,17134010,,,,,,,,,,,,,,,,,,,,,,,,,19.750,21.125,19.812,66400.000,-0.053731,,,38140.000,6.000,6.000,21.125,,-0.053731,-0.012,-0.012,0.011,0.011,-0.011
23393,2001/01/05,,11,1,2841,17134010,CHD,CHURCH & DWIGHT INC,,,,N,A,R,1103,1421,1,2841,17134010,,,,,,,,,,,,,,,,,,,,,,,,,19.562,20.250,19.875,103900.000,0.003155,,,38140.000,6.000,6.000,20.000,,0.003155,-0.029,-0.029,-0.009,-0.009,-0.026
23393,2001/01/08,,11,1,2841,17134010,CHD,CHURCH & DWIGHT INC,,,,N,A,R,1103,1421,1,2841,17134010,,,,,,,,,,,,,,,,,,,,,,,,,19.938,22.375,22.188,185900.000,0.116352,,,38140.000,6.000,6.000,19.938,,0.116352,-0.003,-0.004,-0.005,-0.005,-0.002
23393,2001/01/09,,11,1,2841,17134010,CHD,CHURCH & DWIGHT INC,,,,N,A,R,1103,1421,1,2841,17134010,,,,,,,,,,,,,,,,,,,,,,,,,21.750,22.688,22.000,131400.000,-0.008451,,,38140.000,6.000,6.000,22.250,,-0.008451,0.005,0.005,0.012,0.012,0.004
23393,2001/01/10,,11,1,2841,17134010,CHD,CHURCH & DWIGHT INC,,,,N,A,R,1103,1421,1,2841,17134010,,,,,,,,,,,,,,,,,,,,,,,,,21.625,22.812,22.625,184300.000,0.028409,,,38140.000,6.000,6.000,21.750,,0.028409,0.014,0.014,0.021,0.020,0.010
23393,2001/01/11,,11,1,2841,17134010,CHD,CHURCH & DWIGHT INC,,,,N,A,R,1103,1421,1,2841,17134010,,,,,,,,,,,,,,,,,,,,,,,,,22.125,23.000,22.500,349300.000,-0.005525,,,38140.000,6.000,6.000,22.438,,-0.005525,0.015,0.015,0.027,0.027,0.010
23393,2001/01/12,,11,1,2841,17134010,CHD,CHURCH & DWIGHT INC,,,,N,A,R,1103,1421,1,2841,17134010,,,,,,,,,,,,,,,,,,,,,,,,,22.312,22.938,22.875,72600.000,0.016667,,,38140.000,6.000,6.000,22.500,,0.016667,-0.004,-0.004,0.019,0.019,-0.006
23393,2001/01/16,,11,1,2841,17134010,CHD,CHURCH & DWIGHT INC,,,,N,A,R,1103,1421,1,2841,17134010,,,,,,,,,,,,,,,,,,,,,,,,,22.500,23.000,22.688,78400.000,-0.008197,,,38140.000,6.000,6.000,22.688,,-0.008197,0.006,0.006,0.019,0.019,0.006
23393,2001/01/17,,11,1,2841,17134010,CHD,CHURCH & DWIGHT INC,,,,N,A,R,1103,1421,1,2841,17134010,,,,,,,,,,,,,,,,,,,,,,,,,22.312,23.375,23.000,93700.000,0.013774,,,38140.000,6.000,6.000,22.625,,0.013774,0.004,0.004,0.013,0.013,0.002
23393,2001/01/18,,11,1,2841,17134010,CHD,CHURCH & DWIGHT INC,,,,N,A,R,1103,1421,1,2841,17134010,,,,,,,,,,,,,,,,,,,,,,,,,22.312,23.625,23.438,164700.000,0.019022,,,38140.000,6.000,6.000,23.000,,0.019022,0.012,0.012,0.009,0.008,0.014
23393,2001/01/19,,11,1,2841,17134010,CHD,CHURCH & DWIGHT INC,,,,N,A,R,1103,1421,1,2841,17134010,,,,,,,,,,,,,,,,,,,,,,,,,23.125,23.625,23.562,56900.000,0.005333,,,38140.000,6.000,6.000,23.312,,0.005333,-0.004,-0.004,0.004,0.004,-0.004
23393,2001/01/22,,11,1,2841,17134010,CHD,CHURCH & DWIGHT INC,,,,N,A,R,1103,1421,1,2841,17134010,,,,,,,,,,,,,,,,,,,,,,,,,23.625,24.438,24.125,248800.000,0.023873,,,38140.000,6.000,6.000,23.625,,0.023873,0.000,0.000,0.005,0.005,0.000
23393,2001/01/23,,11,1,2841,17134010,CHD,CHURCH & DWIGHT INC,,,,N,A,R,1103,1421,1,2841,17134010,,,,,,,,,,,,,,,,,,,,,,,,,23.875,24.625,24.625,110600.000,0.020725,,,38140.000,6.000,6.000,24.125,,0.020725,0.016,0.016,0.015,0.015,0.013
23393,2001/01/24,,11,1,2841,17134010,CHD,CHURCH & DWIGHT INC,,,,N,A,R,1103,1421,1,2841,17134010,,,,,,,,,,,,,,,,,,,,,,,,,24.000,24.875,24.375,104300.000,-0.010152,,,38140.000,6.000,6.000,24.438,,-0.010152,0.003,0.003,0.007,0.007,0.003
23393,2001/01/25,,11,1,2841,17134010,CHD,CHURCH & DWIGHT INC,,,,N,A,R,1103,1421,1,2841,17134010,,,,,,,,,,,,,,,,,,,,,,,,,24.125,24.625,24.500,53200.000,0.005128,,,38140.000,6.000,6.000,24.250,,0.005128,-0.008,-0.008,-0.003,-0.003,-0.005
23393,2001/01/26,,11,1,2841,17134010,CHD,CHURCH & DWIGHT INC,,,,N,A,R,1103,1421,1,2841,17134010,,,,,,,,,,,,,,,,,,,,,,,,,23.625,24.312,23.625,75600.000,-0.035714,,,38140.000,6.000,6.000,24.250,,-0.035714,-0.001,-0.001,0.002,0.002,-0.002
23393,2001/01/29,,11,1,2841,17134010,CHD,CHURCH & DWIGHT INC,,,,N,A,R,1103,1421,1,2841,17134010,,,,,,,,,,,,,,,,,,,,,,,,,23.600,24.000,23.700,57800.000,0.003175,,,38140.000,6.000,6.000,23.750,,0.003175,0.009,0.009,0.010,0.010,0.007
23393,2001/01/30,,11,1,2841,17134010,CHD,CHURCH & DWIGHT INC,,,,N,A,R,1103,1421,1,2841,17134010,,,,,,,,,,,,,,,,,,,,,,,,,23.950,24.860,24.520,74800.000,0.034599,,,38140.000,6.000,6.000,23.950,,0.034599,0.007,0.007,0.010,0.009,0.007
23393,2001/01/31,,11,1,2841,17134010,CHD,CHURCH & DWIGHT INC,,,,N,A,R,1103,1421,1,2841,17134010,,,,,,,,0.000,,,,,,,,,,,,,5.000,2.000,13.000,1.000,24.360,24.990,24.990,92900.000,0.019168,,,38140.000,6.000,6.000,24.520,,0.019168,-0.007,-0.007,-0.000,-0.000,-0.006
23393,2001/02/01,,11,1,2841,17134010,CHD,CHURCH & DWIGHT INC,,,,N,A,R,1103,1421,1,2841,17134010,,,,,,,,,,,,,,,,,,,,,,,,,24.240,24.930,24.930,77900.000,-0.002401,24.910,24.940,38140.000,6.000,6.000,24.860,,-0.002401,0.004,0.004,0.002,0.002,0.005
23393,2001/02/02,,11,1,2841,17134010,CHD,CHURCH & DWIGHT INC,,,,N,A,R,1103,1421,1,2841,17134010,,,,,,,,,,,,,,,,,,,,,,,,,20.910,24.000,21.020,1080300.000,-0.156839,,,38140.000,6.000,6.000,24.000,,-0.156839,-0.019,-0.019,-0.009,-0.009,-0.017
23393,2001/02/05,,11,1,2841,17134010,CHD,CHURCH & DWIGHT INC,,,,N,A,R,1103,1421,1,2841,17134010,,,,,,,,,,,,,,,,,,,,,,,,,21.250,22.190,21.860,191500.000,0.039962,,,38140.000,6.000,6.000,21.270,,0.039962,0.002,0.002,-0.004,-0.004,0.004
23393,2001/02/06,,11,1,2841,17134010,CHD,CHURCH & DWIGHT INC,,,,N,A,R,1103,1421,1,2841,17134010,,,,,,,,,,,,,,,,,,,,,,,,,21.250,22.050,21.300,110000.000,-0.025618,,,38140.000,6.000,6.000,22.000,,-0.025618,0.000,0.000,0.002,0.002,-0.002
23393,2001/02/07,,11,1,2841,17134010,CHD,CHURCH & DWIGHT INC,,,,N,A,R,1103,1421,1,2841,17134010,2001/01/31,,,,,2001/03/01,2001/02/08,0.000,,,1232.000,0.070,0.000,0.000,,,,,,,5.000,2.000,13.000,1.000,21.300,21.830,21.700,75900.000,0.022066,,,38140.000,6.000,6.000,21.310,,0.018779,-0.009,-0.009,-0.004,-0.004,-0.008
23393,2001/02/08,,11,1,2841,17134010,CHD,CHURCH & DWIGHT INC,,,,N,A,R,1103,1421,1,2841,17134010,,,,,,,,,,,,,,,,,,,,,,,,,21.510,22.070,21.610,153600.000,-0.004147,,,38140.000,6.000,6.000,21.940,,-0.004147,-0.006,-0.007,-0.003,-0.003,-0.006
23393,2001/02/09,,11,1,2841,17134010,CHD,CHURCH & DWIGHT INC,,,,N,A,R,1103,1421,1,2841,17134010,,,,,,,,,,,,,,,,,,,,,,,,,21.440,22.000,21.750,168500.000,0.006478,,,38140.000,6.000,6.000,21.600,,0.006478,-0.014,-0.014,-0.009,-0.009,-0.013
23393,2001/02/12,,11,1,2841,17134010,CHD,CHURCH & DWIGHT INC,,,,N,A,R,1103,1421,1,2841,17134010,,,,,,,,,,,,,,,,,,,,,,,,,21.220,22.000,21.450,95700.000,-0.013793,,,38140.000,6.000,6.000,21.850,,-0.013793,0.010,0.010,0.005,0.005,0.012
23393,2001/02/13,,11,1,2841,17134010,CHD,CHURCH & DWIGHT INC,,,,N,A,R,1103,1421,1,2841,17134010,,,,,,,,,,,,,,,,,,,,,,,,,21.100,21.990,21.180,101600.000,-0.012587,,,38140.000,6.000,6.000,21.500,,-0.012587,-0.009,-0.009,-0.003,-0.004,-0.009
23393,2001/02/14,,11,1,2841,17134010,CHD,CHURCH & DWIGHT INC,,,,N,A,R,1103,1421,1,2841,17134010,,,,,,,,,,,,,,,,,,,,,,,,,20.850,21.100,20.860,81700.000,-0.015109,,,38140.000,6.000,6.000,21.000,,-0.015109,-0.000,-0.000,-0.000,-0.001,-0.002
23393,2001/02/15,,11,1,2841,17134010,CHD,CHURCH & DWIGHT INC,,,,N,A,R,1103,1421,1,2841,17134010,,,,,,,,,,,,,,,,,,,,,,,,,20.510,20.860,20.650,44500.000,-0.010067,,,38140.000,6.000,6.000,20.860,,-0.010067,0.009,0.009,0.009,0.009,0.008
23393,2001/02/16,,11,1,2841,17134010,CHD,CHURCH & DWIGHT INC,,,,N,A,R,1103,1421,1,2841,17134010,,,,,,,,,,,,,,,,,,,,,,,,,20.600,21.620,21.410,72300.000,0.036804,,,38140.000,6.000,6.000,20.600,,0.036804,-0.021,-0.021,-0.014,-0.014,-0.019
23393,2001/02/20,,11,1,2841,17134010,CHD,CHURCH & DWIGHT INC,,,,N,A,R,1103,1421,1,2841,17134010,,,,,,,,,,,,,,,,,,,,,,,,,21.270,21.940,21.370,86500.000,-0.001868,,,38140.000,6.000,6.000,21.500,,-0.001868,-0.019,-0.019,-0.012,-0.012,-0.017
23393,2001/02/21,,11,1,2841,17134010,CHD,CHURCH & DWIGHT INC,,,,N,A,R,1103,1421,1,2841,17134010,,,,,,,,,,,,,,,,,,,,,,,,,20.980,21.300,21.030,97700.000,-0.015910,,,38140.000,6.000,6.000,21.300,,-0.015910,-0.018,-0.018,-0.016,-0.016,-0.019
23393,2001/02/22,,11,1,2841,17134010,CHD,CHURCH & DWIGHT INC,,,,N,A,R,1103,1421,1,2841,17134010,,,,,,,,,,,,,,,,,,,,,,,,,20.810,21.110,21.000,119300.000,-0.001427,,,38140.000,6.000,6.000,21.070,,-0.001427,-0.005,-0.005,-0.011,-0.011,-0.002
23393,2001/02/23,,11,1,2841,17134010,CHD,CHURCH & DWIGHT INC,,,,N,A,R,1103,1421,1,2841,17134010,,,,,,,,,,,,,,,,,,,,,,,,,20.520,21.100,20.800,80900.000,-0.009524,,,38140.000,6.000,6.000,21.100,,-0.009524,-0.004,-0.004,-0.003,-0.003,-0.006
23393,2001/02/26,,11,1,2841,17134010,CHD,CHURCH & DWIGHT INC,,,,N,A,R,1103,1421,1,2841,17134010,,,,,,,,,,,,,,,,,,,,,,,,,20.950,21.330,20.970,82300.000,0.008173,20.780,21.130,38140.000,6.000,6.000,21.000,,0.008173,0.019,0.019,0.016,0.016,0.017
23393,2001/02/27,,11,1,2841,17134010,CHD,CHURCH & DWIGHT INC,,,,N,A,R,1103,1421,1,2841,17134010,,,,,,,,,,,,,,,,,,,,,,,,,20.860,21.500,21.270,83100.000,0.014306,,,38140.000,6.000,6.000,20.970,,0.014306,-0.012,-0.012,-0.012,-0.012,-0.008
23393,2001/02/28,,11,1,2841,17134010,CHD,CHURCH & DWIGHT INC,,,,N,A,R,1103,1421,1,2841,17134010,,,,,,,,0.000,,,,,,,,,,,,,5.000,2.000,13.000,1.000,21.100,21.890,21.860,116100.000,0.027739,,,38140.000,6.000,6.000,21.100,,0.027739,-0.014,-0.014,-0.008,-0.008,-0.014
23393,2001/03/01,,11,1,2841,17134010,CHD,CHURCH & DWIGHT INC,,,,N,A,R,1103,1421,1,2841,17134010,,,,,,,,,,,,,,,,,,,,,,,,,21.200,21.800,21.300,72300.000,-0.025618,,,38140.000,6.000,6.000,21.800,,-0.025618,0.000,0.000,-0.006,-0.006,0.001
23393,2001/03/02,,11,1,2841,17134010,CHD,CHURCH & DWIGHT INC,,,,N,A,R,1103,1421,1,2841,17134010,,,,,,,,,,,,,,,,,,,,,,,,,21.080,22.000,21.490,69000.000,0.008920,,,38140.000,6.000,6.000,21.220,,0.008920,-0.005,-0.005,0.005,0.005,-0.006
23393,2001/03/05,,11,1,2841,17134010,CHD,CHURCH & DWIGHT INC,,,,N,A,R,1103,1421,1,2841,17134010,,,,,,,,,,,,,,,,,,,,,,,,,21.550,22.000,21.610,31600.000,0.005584,,,38140.000,6.000,6.000,21.550,,0.005584,0.005,0.005,0.002,0.002,0.006
23393,2001/03/06,,11,1,2841,17134010,CHD,CHURCH & DWIGHT INC,,,,N,A,R,1103,1421,1,2841,17134010,,,,,,,,,,,,,,,,,,,,,,,,,21.330,21.860,21.770,59600.000,0.007404,,,38140.000,6.000,6.000,21.710,,0.007404,0.011,0.011,0.010,0.010,0.010
23393,2001/03/07,,11,1,2841,17134010,CHD,CHURCH & DWIGHT INC,,,,N,A,R,1103,1421,1,2841,17134010,,,,,,,,,,,,,,,,,,,,,,,,,21.820,22.750,22.510,137600.000,0.033992,,,38140.000,6.000,6.000,21.830,,0.033992,0.006,0.006,0.006,0.005,0.006
23393,2001/03/08,,11,1,2841,17134010,CHD,CHURCH & DWIGHT INC,,,,N,A,R,1103,1421,1,2841,17134010,,,,,,,,,,,,,,,,,,,,,,,,,22.050,22.540,22.450,83200.000,-0.002665,,,38140.000,6.000,6.000,22.530,,-0.002665,-0.001,-0.001,-0.004,-0.004,0.002
23393,2001/03/09,,11,1,2841,17134010,CHD,CHURCH & DWIGHT INC,,,,N,A,R,1103,1421,1,2841,17134010,,,,,,,,,,,,,,,,,,,,,,,,,22.170,22.500,22.280,54100.000,-0.007572,,,38140.000,6.000,6.000,22.400,,-0.007572,-0.024,-0.024,-0.015,-0.015,-0.025
23393,2001/03/12,,11,1,2841,17134010,CHD,CHURCH & DWIGHT INC,,,,N,A,R,1103,1421,1,2841,17134010,,,,,,,,,,,,,,,,,,,,,,,,,21.985,22.580,22.010,108600.000,-0.012119,,,38140.000,6.000,6.000,22.030,,-0.012119,-0.042,-0.042,-0.031,-0.031,-0.043
23393,2001/03/13,,11,1,2841,17134010,CHD,CHURCH & DWIGHT INC,,,,N,A,R,1103,1421,1,2841,17134010,,,,,,,,,,,,,,,,,,,,,,,,,21.600,22.250,21.640,157900.000,-0.016811,,,38140.000,6.000,6.000,22.100,,-0.016811,0.015,0.015,0.005,0.005,0.015
23393,2001/03/14,,11,1,2841,17134010,CHD,CHURCH & DWIGHT INC,,,,N,A,R,1103,1421,1,2841,17134010,,,,,,,,,,,,,,,,,,,,,,,,,21.400,22.120,21.700,49700.000,0.002773,,,38140.000,6.000,6.000,21.740,,0.002773,-0.025,-0.025,-0.018,-0.018,-0.026
23393,2001/03/15,,11,1,2841,17134010,CHD,CHURCH & DWIGHT INC,,,,N,A,R,1103,1421,1,2841,17134010,,,,,,,,,,,,,,,,,,,,,,,,,21.070,21.640,21.110,51200.000,-0.027189,,,38140.000,6.000,6.000,21.640,,-0.027189,0.003,0.003,-0.000,-0.000,0.006
23393,2001/03/16,,11,1,2841,17134010,CHD,CHURCH & DWIGHT INC,,,,N,A,R,1103,1421,1,2841,17134010,,,,,,,,,,,,,,,,,,,,,,,,,21.000,21.840,21.310,93000.000,0.009474,,,38140.000,6.000,6.000,21.000,,0.009474,-0.021,-0.021,-0.018,-0.018,-0.020
23393,2001/03/19,,11,1,2841,17134010,CHD,CHURCH & DWIGHT INC,,,,N,A,R,1103,1421,1,2841,17134010,,,,,,,,,,,,,,,,,,,,,,,,,21.180,21.900,21.770,45900.000,0.021586,,,38140.000,6.000,6.000,21.210,,0.021586,0.019,0.019,0.009,0.009,0.018
23393,2001/03/20,,11,1,2841,17134010,CHD,CHURCH & DWIGHT INC,,,,N,A,R,1103,1421,1,2841,17134010,,,,,,,,,,,,,,,,,,,,,,,,,21.650,22.500,21.890,113300.000,0.005512,,,38140.000,6.000,6.000,21.700,,0.005512,-0.023,-0.023,-0.008,-0.009,-0.024
23393,2001/03/21,,11,1,2841,17134010,CHD,CHURCH & DWIGHT INC,,,,N,A,R,1103,1421,1,2841,17134010,,,,,,,,,,,,,,,,,,,,,,,,,21.330,21.900,21.430,40000.000,-0.021014,,,38140.000,6.000,6.000,21.900,,-0.021014,-0.019,-0.019,-0.016,-0.016,-0.018
23393,2001/03/22,,11,1,2841,17134010,CHD,CHURCH & DWIGHT INC,,,,N,A,R,1103,1421,1,2841,17134010,,,,,,,,,,,,,,,,,,,,,,,,,20.600,21.530,21.400,97400.000,-0.001400,,,38140.000,6.000,6.000,21.530,,-0.001400,-0.004,-0.005,-0.011,-0.011,-0.004
23393,2001/03/23,,11,1,2841,17134010,CHD,CHURCH & DWIGHT INC,,,,N,A,R,1103,1421,1,2841,17134010,,,,,,,,,,,,,,,,,,,,,,,,,20.600,21.520,20.990,104700.000,-0.019159,,,38140.000,6.000,6.000,21.500,,-0.019159,0.020,0.020,0.021,0.021,0.020
23393,2001/03/26,,11,1,2841,17134010,CHD,CHURCH & DWIGHT INC,,,,N,A,R,1103,1421,1,2841,17134010,,,,,,,,,,,,,,,,,,,,,,,,,20.540,21.490,20.580,139800.000,-0.019533,,,38140.000,6.000,6.000,21.160,,-0.019533,0.011,0.011,0.007,0.007,0.011
23393,2001/03/27,,11,1,2841,17134010,CHD,CHURCH & DWIGHT INC,,,,N,A,R,1103,1421,1,2841,17134010,,,,,,,,,,,,,,,,,,,,,,,,,20.610,21.500,21.490,121700.000,0.044218,,,38140.000,6.000,6.000,20.680,,0.044218,0.023,0.023,0.009,0.009,0.026
23393,2001/03/28,,11,1,2841,17134010,CHD,CHURCH & DWIGHT INC,,,,N,A,R,1103,1421,1,2841,17134010,,,,,,,,,,,,,,,,,,,,,,,,,20.770,21.540,20.770,83300.000,-0.033504,,,38140.000,6.000,6.000,21.400,,-0.033504,-0.026,-0.026,-0.018,-0.018,-0.024
23393,2001/03/29,,11,1,2841,17134010,CHD,CHURCH & DWIGHT INC,,,,N,A,R,1103,1421,1,2841,17134010,,,,,,,,,,,,,,,,,,,,,,,,,20.200,21.550,20.280,96400.000,-0.023592,,,38140.000,6.000,6.000,20.850,,-0.023592,-0.005,-0.005,-0.007,-0.007,-0.005
23393,2001/03/30,,11,1,2841,17134010,CHD,CHURCH & DWIGHT INC,,,,N,A,R,1103,1421,1,2841,17134010,,,,,,,,0.000,,,,,,,,,,,,,5.000,2.000,13.000,1.000,20.350,22.040,21.730,301400.000,0.071499,,,38589.000,6.000,6.000,20.350,,0.071499,0.012,0.012,0.016,0.016,0.011
23393,2001/04/02,,11,1,2841,17134010,CHD,CHURCH & DWIGHT INC,,,,N,A,R,1103,1421,1,2841,17134010,,,,,,,,,,,,,,,,,,,,,,,,,21.730,23.700,22.980,178900.000,0.057524,,,38589.000,6.000,6.000,21.730,,0.057524,-0.016,-0.016,-0.021,-0.021,-0.012
23393,2001/04/03,,11,1,2841,17134010,CHD,CHURCH & DWIGHT INC,,,,N,A,R,1103,1421,1,2841,17134010,,,,,,,,,,,,,,,,,,,,,,,,,23.000,23.590,23.350,170800.000,0.016101,,,38589.000,6.000,6.000,23.000,,0.016101,-0.036,-0.036,-0.034,-0.034,-0.034
23393,2001/04/04,,11,1,2841,17134010,CHD,CHURCH & DWIGHT INC,,,,N,A,R,1103,1421,1,2841,17134010,,,,,,,,,,,,,,,,,,,,,,,,,23.350,24.740,24.690,211900.000,0.057388,,,38589.000,6.000,6.000,23.350,,0.057388,-0.003,-0.003,-0.008,-0.008,-0.003
23393,2001/04/05,,11,1,2841,17134010,CHD,CHURCH & DWIGHT INC,,,,N,A,R,1103,1421,1,2841,17134010,,,,,,,,,,,,,,,,,,,,,,,,,24.200,24.890,24.550,160900.000,-0.005670,,,38589.000,6.000,6.000,24.750,,-0.005670,0.046,0.046,0.039,0.039,0.044
23393,2001/04/06,,11,1,2841,17134010,CHD,CHURCH & DWIGHT INC,,,,N,A,R,1103,1421,1,2841,17134010,,,,,,,,,,,,,,,,,,,,,,,,,23.600,24.490,23.620,92200.000,-0.037882,,,38589.000,6.000,6.000,24.420,,-0.037882,-0.020,-0.020,-0.013,-0.013,-0.020
23393,2001/04/09,,11,1,2841,17134010,CHD,CHURCH & DWIGHT INC,,,,N,A,R,1103,1421,1,2841,17134010,,,,,,,,,,,,,,,,,,,,,,,,,23.450,24.950,24.500,143400.000,0.037257,,,38589.000,6.000,6.000,23.470,,0.037257,0.009,0.009,0.006,0.006,0.008
23393,2001/04/10,,11,1,2841,17134010,CHD,CHURCH & DWIGHT INC,,,,N,A,R,1103,1421,1,2841,17134010,,,,,,,,,,,,,,,,,,,,,,,,,24.100,24.850,24.490,126800.000,-0.000408,,,38589.000,6.000,6.000,24.500,,-0.000408,0.029,0.029,0.023,0.023,0.027
23393,2001/04/11,,11,1,2841,17134010,CHD,CHURCH & DWIGHT INC,,,,N,A,R,1103,1421,1,2841,17134010,,,,,,,,,,,,,,,,,,,,,,,,,24.180,24.820,24.340,168000.000,-0.006125,,,38589.000,6.000,6.000,24.390,,-0.006125,-0.001,-0.001,0.007,0.007,-0.002
23393,2001/04/12,,11,1,2841,17134010,CHD,CHURCH & DWIGHT INC,,,,N,A,R,1103,1421,1,2841,17134010,,,,,,,,,,,,,,,,,,,,,,,,,24.090,24.740,24.500,107300.000,0.006574,,,38589.000,6.000,6.000,24.090,,0.006574,0.016,0.016,0.015,0.015,0.015
23393,2001/04/16,,11,1,2841,17134010,CHD,CHURCH & DWIGHT INC,,,,N,A,R,1103,1421,1,2841,17134010,,,,,,,,,,,,,,,,,,,,,,,,,23.800,24.720,24.310,84500.000,-0.007755,,,38589.000,6.000,6.000,24.000,,-0.007755,-0.005,-0.005,-0.004,-0.004,-0.003
23393,2001/04/17,,11,1,2841,17134010,CHD,CHURCH & DWIGHT INC,,,,N,A,R,1103,1421,1,2841,17134010,,,,,,,,,,,,,,,,,,,,,,,,,23.700,24.390,24.200,80400.000,-0.004525,,,38589.000,6.000,6.000,24.300,,-0.004525,0.010,0.010,0.005,0.005,0.010
23393,2001/04/18,,11,1,2841,17134010,CHD,CHURCH & DWIGHT INC,,,,N,A,R,1103,1421,1,2841,17134010,,,,,,,,,,,,,,,,,,,,,,,,,23.700,24.400,23.800,83700.000,-0.016529,,,38589.000,6.000,6.000,24.000,,-0.016529,0.040,0.040,0.029,0.029,0.039
23393,2001/04/19,,11,1,2841,17134010,CHD,CHURCH & DWIGHT INC,,,,N,A,R,1103,1421,1,2841,17134010,,,,,,,,,,,,,,,,,,,,,,,,,23.600,23.990,23.970,34800.000,0.007143,,,38589.000,6.000,6.000,23.950,,0.007143,0.015,0.015,0.016,0.016,0.013
23393,2001/04/20,,11,1,2841,17134010,CHD,CHURCH & DWIGHT INC,,,,N,A,R,1103,1421,1,2841,17134010,,,,,,,,,,,,,,,,,,,,,,,,,23.320,24.200,23.990,86900.000,0.000834,,,38589.000,6.000,6.000,23.320,,0.000834,-0.008,-0.008,0.001,0.001,-0.009
23393,2001/04/23,,11,1,2841,17134010,CHD,CHURCH & DWIGHT INC,,,,N,A,R,1103,1421,1,2841,17134010,,,,,,,,,,,,,,,,,,,,,,,,,23.940,24.150,24.070,44700.000,0.003335,,,38589.000,6.000,6.000,24.060,,0.003335,-0.017,-0.017,-0.008,-0.008,-0.015
23393,2001/04/24,,11,1,2841,17134010,CHD,CHURCH & DWIGHT INC,,,,N,A,R,1103,1421,1,2841,17134010,,,,,,,,,,,,,,,,,,,,,,,,,23.520,24.180,23.610,25900.000,-0.019111,,,38589.000,6.000,6.000,24.070,,-0.019111,-0.011,-0.011,0.002,0.002,-0.012
23393,2001/04/25,,11,1,2841,17134010,CHD,CHURCH & DWIGHT INC,,,,N,A,R,1103,1421,1,2841,17134010,,,,,,,,,,,,,,,,,,,,,,,,,23.600,24.610,24.400,64900.000,0.033460,,,38589.000,6.000,6.000,23.710,,0.033460,0.016,0.016,0.012,0.011,0.016
23393,2001/04/26,,11,1,2841,17134010,CHD,CHURCH & DWIGHT INC,,,,N,A,R,1103,1421,1,2841,17134010,,,,,,,,,,,,,,,,,,,,,,,,,24.000,24.400,24.250,79400.000,-0.006148,,,38589.000,6.000,6.000,24.160,,-0.006148,0.005,0.005,0.008,0.007,0.005
23393,2001/04/27,,11,1,2841,17134010,CHD,CHURCH & DWIGHT INC,,,,N,A,R,1103,1421,1,2841,17134010,,,,,,,,,,,,,,,,,,,,,,,,,24.350,25.250,24.850,190200.000,0.024742,,,38589.000,6.000,6.000,25.000,,0.024742,0.014,0.014,0.011,0.011,0.015
23393,2001/04/30,,11,1,2841,17134010,CHD,CHURCH & DWIGHT INC,,,,N,A,R,1103,1421,1,2841,17134010,,,,,,,,0.000,,,,,,,,,,,,,5.000,2.000,13.000,1.000,23.800,24.810,23.990,221000.000,-0.034608,,,38589.000,6.000,6.000,24.700,,-0.034608,0.001,0.001,0.010,0.010,-0.003
23393,2001/05/01,,11,1,2841,17134010,CHD,CHURCH & DWIGHT INC,,,,N,A,R,1103,1421,1,2841,17134010,,,,,,,,,,,,,,,,,,,,,,,,,23.700,24.000,23.900,175200.000,-0.003752,,,38589.000,6.000,6.000,23.990,,-0.003752,0.013,0.013,0.010,0.010,0.014
23393,2001/05/02,,11,1,2841,17134010,CHD,CHURCH & DWIGHT INC,,,,N,A,R,1103,1421,1,2841,17134010,,,,,,,,,,,,,,,,,,,,,,,,,23.600,23.980,23.950,226800.000,0.002092,,,38589.000,6.000,6.000,23.900,,0.002092,0.003,0.003,0.012,0.012,0.001
23393,2001/05/03,,11,1,2841,17134010,CHD,CHURCH & DWIGHT INC,,,,N,A,R,1103,1421,1,2841,17134010,,,,,,,,,,,,,,,,,,,,,,,,,23.820,24.200,24.140,205500.000,0.007933,,,38589.000,6.000,6.000,24.200,,0.007933,-0.015,-0.015,-0.005,-0.006,-0.015
23393,2001/05/04,,11,1,2841,17134010,CHD,CHURCH & DWIGHT INC,,,,N,A,R,1103,1421,1,2841,17134010,,,,,,,,,,,,,,,,,,,,,,,,,23.850,24.150,24.100,84100.000,-0.001657,,,38589.000,6.000,6.000,24.150,,-0.001657,0.014,0.014,0.011,0.011,0.014
23393,2001/05/07,,11,1,2841,17134010,CHD,CHURCH & DWIGHT INC,,,,N,A,R,1103,1421,1,2841,17134010,,,,,,,,,,,,,,,,,,,,,,,,,23.790,24.360,23.920,66400.000,-0.007469,,,38589.000,6.000,6.000,24.280,,-0.007469,-0.003,-0.003,0.001,0.001,-0.002
23393,2001/05/08,,11,1,2841,17134010,CHD,CHURCH & DWIGHT INC,,,,N,A,R,1103,1421,1,2841,17134010,,,,,,,,,,,,,,,,,,,,,,,,,23.940,24.950,24.940,157100.000,0.042642,,,38589.000,6.000,6.000,24.120,,0.042642,-0.001,-0.001,0.005,0.005,-0.002
23393,2001/05/09,,11,1,2841,17134010,CHD,CHURCH & DWIGHT INC,,,,N,A,R,1103,1421,1,2841,17134010,2001/04/27,,,,,2001/06/01,2001/05/11,0.000,,,1232.000,0.070,0.000,0.000,,,,,,,5.000,2.000,13.000,1.000,24.320,24.910,24.790,92500.000,-0.003208,,,38589.000,6.000,6.000,24.700,,-0.006014,-0.004,-0.004,0.001,0.001,-0.004
23393,2001/05/10,,11,1,2841,17134010,CHD,CHURCH & DWIGHT INC,,,,N,A,R,1103,1421,1,2841,17134010,,,,,,,,,,,,,,,,,,,,,,,,,24.750,24.920,24.810,38300.000,0.000807,,,38589.000,6.000,6.000,24.770,,0.000807,-0.000,-0.001,0.003,0.003,-0.000
23393,2001/05/11,,11,1,2841,17134010,CHD,CHURCH & DWIGHT INC,,,,N,A,R,1103,1421,1,2841,17134010,,,,,,,,,,,,,,,,,,,,,,,,,24.610,24.920,24.720,80500.000,-0.003628,,,38589.000,6.000,6.000,24.750,,-0.003628,-0.008,-0.008,-0.002,-0.002,-0.008
23393,2001/05/14,,11,1,2841,17134010,CHD,CHURCH & DWIGHT INC,,,,N,A,R,1103,1421,1,2841,17134010,,,,,,,,,,,,,,,,,,,,,,,,,24.680,24.900,24.870,64100.000,0.006068,,,38589.000,6.000,6.000,24.900,,0.006068,0.001,0.001,-0.003,-0.003,0.003
23393,2001/05/15,,11,1,2841,17134010,CHD,CHURCH & DWIGHT INC,,,,N,A,R,1103,1421,1,2841,17134010,,,,,,,,,,,,,,,,,,,,,,,,,24.760,24.980,24.980,59500.000,0.004423,,,38589.000,6.000,6.000,24.920,,0.004423,0.001,0.001,0.004,0.004,0.000
23393,2001/05/16,,11,1,2841,17134010,CHD,CHURCH & DWIGHT INC,,,,N,A,R,1103,1421,1,2841,17134010,,,,,,,,,,,,,,,,,,,,,,,,,24.920,25.880,25.880,102800.000,0.036029,,,38589.000,6.000,6.000,24.920,,0.036029,0.027,0.027,0.010,0.010,0.028
23393,2001/05/17,,11,1,2841,17134010,CHD,CHURCH & DWIGHT INC,,,,N,A,R,1103,1421,1,2841,17134010,,,,,,,,,,,,,,,,,,,,,,,,,25.270,26.150,25.800,138500.000,-0.003091,,,38589.000,6.000,6.000,25.750,,-0.003091,0.006,0.006,0.011,0.010,0.003
23393,2001/05/18,,11,1,2841,17134010,CHD,CHURCH & DWIGHT INC,,,,N,A,R,1103,1421,1,2841,17134010,,,,,,,,,,,,,,,,,,,,,,,,,25.500,26.180,25.630,56600.000,-0.006589,,,38589.000,6.000,6.000,25.750,,-0.006589,0.003,0.003,0.005,0.005,0.003
23393,2001/05/21,,11,1,2841,17134010,CHD,CHURCH & DWIGHT INC,,,,N,A,R,1103,1421,1,2841,17134010,,,,,,,,,,,,,,,,,,,,,,,,,25.800,26.550,26.550,155800.000,0.035895,26.360,26.600,38589.000,6.000,6.000,25.800,,0.035895,0.019,0.019,0.016,0.016,0.016
23393,2001/05/22,,11,1,2841,17134010,CHD,CHURCH & DWIGHT INC,,,,N,A,R,1103,1421,1,2841,17134010,,,,,,,,,,,,,,,,,,,,,,,,,26.190,26.760,26.190,112900.000,-0.013559,26.090,26.300,38589.000,6.000,6.000,26.550,,-0.013559,-0.002,-0.002,0.007,0.007,-0.003
23393,2001/05/23,,11,1,2841,17134010,CHD,CHURCH & DWIGHT INC,,,,N,A,R,1103,1421,1,2841,17134010,,,,,,,,,,,,,,,,,,,,,,,,,26.010,27.000,26.100,91800.000,-0.003436,25.980,26.230,38589.000,6.000,6.000,26.120,,-0.003436,-0.017,-0.017,-0.007,-0.007,-0.016
23393,2001/05/24,,11,1,2841,17134010,CHD,CHURCH & DWIGHT INC,,,,N,A,R,1103,1421,1,2841,17134010,,,,,,,,,,,,,,,,,,,,,,,,,25.660,26.220,25.970,182400.000,-0.004981,25.850,26.100,38589.000,6.000,6.000,26.020,,-0.004981,0.004,0.004,0.006,0.005,0.003
23393,2001/05/25,,11,1,2841,17134010,CHD,CHURCH & DWIGHT INC,,,,N,A,R,1103,1421,1,2841,17134010,,,,,,,,,,,,,,,,,,,,,,,,,25.540,25.940,25.720,151400.000,-0.009626,25.600,25.820,38589.000,6.000,6.000,25.750,,-0.009626,-0.010,-0.010,0.003,0.003,-0.012
23393,2001/05/29,,11,1,2841,17134010,CHD,CHURCH & DWIGHT INC,,,,N,A,R,1103,1421,1,2841,17134010,,,,,,,,,,,,,,,,,,,,,,,,,25.400,25.930,25.520,163500.000,-0.007776,25.410,25.680,38589.000,6.000,6.000,25.650,,-0.007776,-0.010,-0.010,-0.008,-0.008,-0.008
23393,2001/05/30,,11,1,2841,17134010,CHD,CHURCH & DWIGHT INC,,,,N,A,R,1103,1421,1,2841,17134010,,,,,,,,,,,,,,,,,,,,,,,,,25.300,25.910,25.540,140700.000,0.000784,25.440,25.730,38589.000,6.000,6.000,25.640,,0.000784,-0.018,-0.018,-0.016,-0.016,-0.016
23393,2001/05/31,,11,1,2841,17134010,CHD,CHURCH & DWIGHT INC,,,,N,A,R,1103,1421,1,2841,17134010,,,,,,,,0.000,,,,,,,,,,,,,5.000,2.000,13.000,1.000,25.350,25.900,25.450,69900.000,-0.003524,25.350,25.560,38814.000,6.000,6.000,25.700,,-0.003524,0.008,0.008,0.007,0.007,0.006
23393,2001/06/01,,11,1,2841,17134010,CHD,CHURCH & DWIGHT INC,,,,N,A,R,1103,1421,1,2841,17134010,,,,,,,,,,,,,,,,,,,,,,,,,25.250,25.550,25.450,243600.000,0.000000,25.280,25.500,38814.000,6.000,6.000,25.400,,0.000000,0.005,0.005,0.006,0.006,0.004
23393,2001/06/04,,11,1,2841,17134010,CHD,CHURCH & DWIGHT INC,,,,N,A,R,1103,1421,1,2841,17134010,,,,,,,,,,,,,,,,,,,,,,,,,25.450,26.300,26.150,332700.000,0.027505,26.130,26.150,38814.000,6.000,6.000,25.450,,0.027505,0.005,0.005,0.005,0.005,0.005
23393,2001/06/05,,11,1,2841,17134010,CHD,CHURCH & DWIGHT INC,,,,N,A,R,1103,1421,1,2841,17134010,,,,,,,,,,,,,,,,,,,,,,,,,26.340,26.960,26.850,135000.000,0.026769,26.650,26.850,38814.000,6.000,6.000,26.400,,0.026769,0.014,0.014,0.012,0.012,0.013
23393,2001/06/06,,11,1,2841,17134010,CHD,CHURCH & DWIGHT INC,,,,N,A,R,1103,1421,1,2841,17134010,,,,,,,,,,,,,,,,,,,,,,,,,26.180,26.940,26.180,65700.000,-0.024953,26.080,26.380,38814.000,6.000,6.000,26.750,,-0.024953,-0.009,-0.010,-0.003,-0.003,-0.011
23393,2001/06/07,,11,1,2841,17134010,CHD,CHURCH & DWIGHT INC,,,,N,A,R,1103,1421,1,2841,17134010,,,,,,,,,,,,,,,,,,,,,,,,,25.800,26.850,26.300,54100.000,0.004584,26.170,26.470,38814.000,6.000,6.000,26.300,,0.004584,0.005,0.005,0.005,0.005,0.005
23393,2001/06/08,,11,1,2841,17134010,CHD,CHURCH & DWIGHT INC,,,,N,A,R,1103,1421,1,2841,17134010,,,,,,,,,,,,,,,,,,,,,,,,,25.900,26.400,26.070,23400.000,-0.008745,25.970,26.340,38814.000,6.000,6.000,26.400,,-0.008745,-0.010,-0.010,-0.002,-0.002,-0.009
23393,2001/06/11,,11,1,2841,17134010,CHD,CHURCH & DWIGHT INC,,,,N,A,R,1103,1421,1,2841,17134010,,,,,,,,,,,,,,,,,,,,,,,,,25.590,26.100,25.800,68400.000,-0.010357,25.700,25.950,38814.000,6.000,6.000,26.000,,-0.010357,-0.010,-0.010,-0.006,-0.006,-0.008
23393,2001/06/12,,11,1,2841,17134010,CHD,CHURCH & DWIGHT INC,,,,N,A,R,1103,1421,1,2841,17134010,,,,,,,,,,,,,,,,,,,,,,,,,25.430,25.935,25.700,46200.000,-0.003876,25.590,25.850,38814.000,6.000,6.000,25.850,,-0.003876,0.000,0.000,-0.001,-0.001,0.001
23393,2001/06/13,,11,1,2841,17134010,CHD,CHURCH & DWIGHT INC,,,,N,A,R,1103,1421,1,2841,17134010,,,,,,,,,,,,,,,,,,,,,,,,,25.400,25.600,25.400,82500.000,-0.011673,25.300,25.560,38814.000,6.000,6.000,25.450,,-0.011673,-0.010,-0.010,-0.002,-0.003,-0.011
23393,2001/06/14,,11,1,2841,17134010,CHD,CHURCH & DWIGHT INC,,,,N,A,R,1103,1421,1,2841,17134010,,,,,,,,,,,,,,,,,,,,,,,,,25.250,25.460,25.250,46800.000,-0.005905,25.250,25.360,38814.000,6.000,6.000,25.400,,-0.005905,-0.019,-0.019,-0.015,-0.015,-0.018
23393,2001/06/15,,11,1,2841,17134010,CHD,CHURCH & DWIGHT INC,,,,N,A,R,1103,1421,1,2841,17134010,,,,,,,,,,,,,,,,,,,,,,,,,24.800,25.450,25.180,84000.000,-0.002772,25.060,25.270,38814.000,6.000,6.000,24.800,,-0.002772,-0.005,-0.005,-0.005,-0.005,-0.005
23393,2001/06/18,,11,1,2841,17134010,CHD,CHURCH & DWIGHT INC,,,,N,A,R,1103,1421,1,2841,17134010,,,,,,,,,,,,,,,,,,,,,,,,,24.760,25.500,24.760,31100.000,-0.016680,24.770,24.780,38814.000,6.000,6.000,25.430,,-0.016680,-0.007,-0.007,-0.013,-0.013,-0.005
23393,2001/06/19,,11,1,2841,17134010,CHD,CHURCH & DWIGHT INC,,,,N,A,R,1103,1421,1,2841,17134010,,,,,,,,,,,,,,,,,,,,,,,,,24.650,25.000,24.990,63900.000,0.009289,24.840,25.100,38814.000,6.000,6.000,24.900,,0.009289,0.002,0.002,-0.006,-0.006,0.003
23393,2001/06/20,,11,1,2841,17134010,CHD,CHURCH & DWIGHT INC,,,,N,A,R,1103,1421,1,2841,17134010,,,,,,,,,,,,,,,,,,,,,,,,,24.750,25.320,25.250,53800.000,0.010404,25.200,25.250,38814.000,6.000,6.000,24.750,,0.010404,0.010,0.010,0.001,0.001,0.009
23393,2001/06/21,,11,1,2841,17134010,CHD,CHURCH & DWIGHT INC,,,,N,A,R,1103,1421,1,2841,17134010,,,,,,,,,,,,,,,,,,,,,,,,,24.730,25.470,24.760,47300.000,-0.019406,24.760,24.800,38814.000,6.000,6.000,25.100,,-0.019406,0.010,0.010,0.004,0.004,0.011
23393,2001/06/22,,11,1,2841,17134010,CHD,CHURCH & DWIGHT INC,,,,N,A,R,1103,1421,1,2841,17134010,,,,,,,,,,,,,,,,,,,,,,,,,24.720,25.000,24.770,56900.000,0.000404,24.750,24.760,38814.000,6.000,6.000,24.760,,0.000404,-0.009,-0.009,-0.002,-0.003,-0.009
23393,2001/06/25,,11,1,2841,17134010,CHD,CHURCH & DWIGHT INC,,,,N,A,R,1103,1421,1,2841,17134010,,,,,,,,,,,,,,,,,,,,,,,,,23.900,24.770,24.030,77500.000,-0.029875,24.030,24.160,38814.000,6.000,6.000,24.770,,-0.029875,-0.005,-0.005,-0.000,-0.000,-0.006
23393,2001/06/26,,11,1,2841,17134010,CHD,CHURCH & DWIGHT INC,,,,N,A,R,1103,1421,1,2841,17134010,,,,,,,,,,,,,,,,,,,,,,,,,23.690,24.650,24.090,87500.000,0.002497,23.990,24.240,38814.000,6.000,6.000,24.040,,0.002497,-0.000,-0.000,0.005,0.005,-0.002
23393,2001/06/27,,11,1,2841,17134010,CHD,CHURCH & DWIGHT INC,,,,N,A,R,1103,1421,1,2841,17134010,,,,,,,,,,,,,,,,,,,,,,,,,24.160,24.800,24.600,45500.000,0.021171,24.420,24.700,38814.000,6.000,6.000,24.250,,0.021171,-0.002,-0.002,0.004,0.004,-0.005
23393,2001/06/28,,11,1,2841,17134010,CHD,CHURCH & DWIGHT INC,,,,N,A,R,1103,1421,1,2841,17134010,,,,,,,,,,,,,,,,,,,,,,,,,24.500,24.950,24.750,99600.000,0.006098,24.720,24.750,38814.000,6.000,6.000,24.500,,0.006098,0.013,0.013,0.008,0.008,0.012
23393,2001/06/29,,11,1,2841,17134010,CHD,CHURCH & DWIGHT INC,,,,N,A,R,1103,1421,1,2841,17134010,,,,,,,,0.000,,,,,,,,,,,,,5.000,2.000,13.000,1.000,24.650,25.900,25.450,251500.000,0.028283,25.400,25.710,38814.000,6.000,6.000,24.750,,0.028283,0.004,0.004,0.019,0.019,-0.001
23393,2001/07/02,,11,1,2841,17134010,CHD,CHURCH & DWIGHT INC,,,,N,A,R,1103,1421,1,2841,17134010,,,,,,,,,,,,,,,,,,,,,,,,,24.550,25.530,24.620,99800.000,-0.032613,24.590,24.610,38814.000,6.000,6.000,25.450,,-0.032613,0.005,0.005,-0.006,-0.006,0.010
23393,2001/07/03,,11,1,2841,17134010,CHD,CHURCH & DWIGHT INC,,,,N,A,R,1103,1421,1,2841,17134010,,,,,,,,,,,,,,,,,,,,,,,,,24.320,24.900,24.400,61200.000,-0.008936,24.380,24.450,38814.000,6.000,6.000,24.610,,-0.008936,-0.002,-0.002,-0.000,-0.000,-0.002
23393,2001/07/05,,11,1,2841,17134010,CHD,CHURCH & DWIGHT INC,,,,N,A,R,1103,1421,1,2841,17134010,,,,,,,,,,,,,,,,,,,,,,,,,24.465,24.980,24.800,146600.000,0.016393,24.700,24.750,38814.000,6.000,6.000,24.500,,0.016393,-0.012,-0.012,-0.007,-0.007,-0.012
23393,2001/07/06,,11,1,2841,17134010,CHD,CHURCH & DWIGHT INC,,,,N,A,R,1103,1421,1,2841,17134010,,,,,,,,,,,,,,,,,,,,,,,,,24.500,24.900,24.800,113800.000,0.000000,24.700,24.810,38814.000,6.000,6.000,24.550,,0.000000,-0.022,-0.022,-0.012,-0.012,-0.023
23393,2001/07/09,,11,1,2841,17134010,CHD,CHURCH & DWIGHT INC,,,,N,A,R,1103,1421,1,2841,17134010,,,,,,,,,,,,,,,,,,,,,,,,,24.050,24.900,24.240,61100.000,-0.022581,24.240,24.250,38814.000,6.000,6.000,24.900,,-0.022581,0.006,0.006,0.002,0.002,0.007
23393,2001/07/10,,11,1,2841,17134010,CHD,CHURCH & DWIGHT INC,,,,N,A,R,1103,1421,1,2841,17134010,,,,,,,,,,,,,,,,,,,,,,,,,24.250,24.970,24.520,92000.000,0.011551,24.410,24.660,38814.000,6.000,6.000,24.250,,0.011551,-0.014,-0.014,-0.009,-0.009,-0.014
23393,2001/07/11,,11,1,2841,17134010,CHD,CHURCH & DWIGHT INC,,,,N,A,R,1103,1421,1,2841,17134010,,,,,,,,,,,,,,,,,,,,,,,,,24.140,24.900,24.250,54100.000,-0.011011,24.210,24.320,38814.000,6.000,6.000,24.520,,-0.011011,-0.002,-0.002,-0.005,-0.006,-0.001
23393,2001/07/12,,11,1,2841,17134010,CHD,CHURCH & DWIGHT INC,,,,N,A,R,1103,1421,1,2841,17134010,,,,,,,,,,,,,,,,,,,,,,,,,23.850,24.490,24.400,39300.000,0.006186,24.230,24.440,38814.000,6.000,6.000,24.350,,0.006186,0.024,0.024,0.015,0.015,0.024
23393,2001/07/13,,11,1,2841,17134010,CHD,CHURCH & DWIGHT INC,,,,N,A,R,1103,1421,1,2841,17134010,,,,,,,,,,,,,,,,,,,,,,,,,23.940,24.405,24.180,60900.000,-0.009016,24.030,24.280,38814.000,6.000,6.000,24.400,,-0.009016,0.005,0.005,0.004,0.004,0.006
23393,2001/07/16,,11,1,2841,17134010,CHD,CHURCH & DWIGHT INC,,,,N,A,R,1103,1421,1,2841,17134010,,,,,,,,,,,,,,,,,,,,,,,,,24.180,24.900,24.540,58500.000,0.014888,24.330,24.660,38814.000,6.000,6.000,24.180,,0.014888,-0.012,-0.012,-0.007,-0.007,-0.011
23393,2001/07/17,,11,1,2841,17134010,CHD,CHURCH & DWIGHT INC,,,,N,A,R,1103,1421,1,2841,17134010,,,,,,,,,,,,,,,,,,,,,,,,,24.150,24.500,24.500,90500.000,-0.001630,24.320,24.650,38814.000,6.000,6.000,24.450,,-0.001630,0.011,0.011,0.005,0.005,0.010
23393,2001/07/18,,11,1,2841,17134010,CHD,CHURCH & DWIGHT INC,,,,N,A,R,1103,1421,1,2841,17134010,,,,,,,,,,,,,,,,,,,,,,,,,24.150,24.540,24.350,42000.000,-0.006122,24.250,24.600,38814.000,6.000,6.000,24.500,,-0.006122,-0.007,-0.007,-0.008,-0.008,-0.006
23393,2001/07/19,,11,1,2841,17134010,CHD,CHURCH & DWIGHT INC,,,,N,A,R,1103,1421,1,2841,17134010,,,,,,,,,,,,,,,,,,,,,,,,,24.450,24.900,24.660,52100.000,0.012731,24.660,24.710,38814.000,6.000,6.000,24.450,,0.012731,0.005,0.005,0.005,0.005,0.006
23393,2001/07/20,,11,1,2841,17134010,CHD,CHURCH & DWIGHT INC,,,,N,A,R,1103,1421,1,2841,17134010,,,,,,,,,,,,,,,,,,,,,,,,,24.600,24.890,24.720,43400.000,0.002433,24.610,24.950,38814.000,6.000,6.000,24.600,,0.002433,-0.003,-0.003,0.000,0.000,-0.003
23393,2001/07/23,,11,1,2841,17134010,CHD,CHURCH & DWIGHT INC,,,,N,A,R,1103,1421,1,2841,17134010,,,,,,,,,,,,,,,,,,,,,,,,,24.000,24.730,24.210,38000.000,-0.020631,24.110,24.460,38814.000,6.000,6.000,24.730,,-0.020631,-0.015,-0.015,-0.006,-0.006,-0.016
23393,2001/07/24,,11,1,2841,17134010,CHD,CHURCH & DWIGHT INC,,,,N,A,R,1103,1421,1,2841,17134010,,,,,,,,,,,,,,,,,,,,,,,,,23.540,24.250,23.750,80600.000,-0.019000,23.700,23.750,38814.000,6.000,6.000,24.100,,-0.019000,-0.016,-0.016,-0.011,-0.012,-0.016
23393,2001/07/25,,11,1,2841,17134010,CHD,CHURCH & DWIGHT INC,,,,N,A,R,1103,1421,1,2841,17134010,,,,,,,,,,,,,,,,,,,,,,,,,23.750,24.250,24.250,57300.000,0.021053,24.120,24.350,38814.000,6.000,6.000,23.750,,0.021053,0.014,0.014,0.003,0.003,0.016
23393,2001/07/26,,11,1,2841,17134010,CHD,CHURCH & DWIGHT INC,,,,N,A,R,1103,1421,1,2841,17134010,,,,,,,,,,,,,,,,,,,,,,,,,23.750,24.330,24.330,40700.000,0.003299,24.250,24.330,38814.000,6.000,6.000,24.250,,0.003299,0.012,0.011,0.008,0.008,0.010
23393,2001/07/27,,11,1,2841,17134010,CHD,CHURCH & DWIGHT INC,,,,N,A,R,1103,1421,1,2841,17134010,,,,,,,,,,,,,,,,,,,,,,,,,23.850,24.600,23.900,62600.000,-0.017674,23.850,23.900,38814.000,6.000,6.000,24.400,,-0.017674,0.003,0.003,0.004,0.003,0.002
23393,2001/07/30,,11,1,2841,17134010,CHD,CHURCH & DWIGHT INC,,,,N,A,R,1103,1421,1,2841,17134010,,,,,,,,,,,,,,,,,,,,,,,,,23.650,24.250,24.250,63400.000,0.014644,24.100,24.350,38814.000,6.000,6.000,23.800,,0.014644,-0.001,-0.001,-0.001,-0.001,-0.001
23393,2001/07/31,,11,1,2841,17134010,CHD,CHURCH & DWIGHT INC,,,,N,A,R,1103,1421,1,2841,17134010,,,,,,,,0.000,,,,,,,,,,,,,5.000,2.000,13.000,1.000,24.250,25.500,25.370,137000.000,0.046186,25.180,25.500,38814.000,6.000,6.000,24.250,,0.046186,0.005,0.005,0.003,0.003,0.006
23393,2001/08/01,,11,1,2841,17134010,CHD,CHURCH & DWIGHT INC,,,,N,A,R,1103,1421,1,2841,17134010,,,,,,,,,,,,,,,,,,,,,,,,,25.060,25.950,25.880,84900.000,0.020102,25.780,25.880,38814.000,6.000,6.000,25.200,,0.020102,0.005,0.005,0.006,0.006,0.004
23393,2001/08/02,,11,1,2841,17134010,CHD,CHURCH & DWIGHT INC,,,,N,A,R,1103,1421,1,2841,17134010,,,,,,,,,,,,,,,,,,,,,,,,,25.750,26.000,26.000,59000.000,0.004637,25.970,26.000,38814.000,6.000,6.000,25.800,,0.004637,0.003,0.003,0.003,0.002,0.004
23393,2001/08/03,,11,1,2841,17134010,CHD,CHURCH & DWIGHT INC,,,,N,A,R,1103,1421,1,2841,17134010,,,,,,,,,,,,,,,,,,,,,,,,,25.330,26.000,25.700,49700.000,-0.011538,25.600,25.850,38814.000,6.000,6.000,25.800,,-0.011538,-0.005,-0.005,0.001,0.000,-0.005
23393,2001/08/06,,11,1,2841,17134010,CHD,CHURCH & DWIGHT INC,,,,N,A,R,1103,1421,1,2841,17134010,,,,,,,,,,,,,,,,,,,,,,,,,25.340,25.700,25.520,40100.000,-0.007004,25.500,25.530,38814.000,6.000,6.000,25.700,,-0.007004,-0.011,-0.011,-0.006,-0.006,-0.011
23393,2001/08/07,,11,1,2841,17134010,CHD,CHURCH & DWIGHT INC,,,,N,A,R,1103,1421,1,2841,17134010,,,,,,,,,,,,,,,,,,,,,,,,,25.190,25.530,25.400,207100.000,-0.004702,25.350,25.400,38814.000,6.000,6.000,25.520,,-0.004702,0.002,0.002,-0.000,-0.000,0.003
23393,2001/08/08,,11,1,2841,17134010,CHD,CHURCH & DWIGHT INC,,,,N,A,R,1103,1421,1,2841,17134010,2001/07/27,,,,,2001/09/01,2001/08/10,0.000,,,1232.000,0.075,0.000,0.000,,,,,,,5.000,2.000,13.000,1.000,25.060,25.480,25.120,62200.000,-0.008071,25.100,25.150,38814.000,6.000,6.000,25.300,,-0.011024,-0.017,-0.017,-0.010,-0.010,-0.017
23393,2001/08/09,,11,1,2841,17134010,CHD,CHURCH & DWIGHT INC,,,,N,A,R,1103,1421,1,2841,17134010,,,,,,,,,,,,,,,,,,,,,,,,,25.040,25.550,25.550,66600.000,0.017118,25.390,25.650,38814.000,6.000,6.000,25.050,,0.017118,-0.000,-0.000,-0.001,-0.001,-0.000
23393,2001/08/10,,11,1,2841,17134010,CHD,CHURCH & DWIGHT INC,,,,N,A,R,1103,1421,1,2841,17134010,,,,,,,,,,,,,,,,,,,,,,,,,25.600,26.370,26.240,70600.000,0.027006,26.080,26.350,38814.000,6.000,6.000,25.700,,0.027006,0.004,0.004,0.001,0.001,0.006
23393,2001/08/13,,11,1,2841,17134010,CHD,CHURCH & DWIGHT INC,,,,N,A,R,1103,1421,1,2841,17134010,,,,,,,,,,,,,,,,,,,,,,,,,25.850,26.450,26.200,41800.000,-0.001524,26.140,26.220,38814.000,6.000,6.000,26.450,,-0.001524,0.002,0.002,0.003,0.002,0.001
23393,2001/08/14,,11,1,2841,17134010,CHD,CHURCH & DWIGHT INC,,,,N,A,R,1103,1421,1,2841,17134010,,,,,,,,,,,,,,,,,,,,,,,,,26.010,26.700,26.700,100400.000,0.019084,26.650,26.710,38814.000,6.000,6.000,26.400,,0.019084,-0.002,-0.002,0.002,0.002,-0.004
23393,2001/08/15,,11,1,2841,17134010,CHD,CHURCH & DWIGHT INC,,,,N,A,R,1103,1421,1,2841,17134010,,,,,,,,,,,,,,,,,,,,,,,,,26.540,26.900,26.660,85000.000,-0.001498,26.560,26.770,38814.000,6.000,6.000,26.600,,-0.001498,-0.007,-0.007,-0.005,-0.005,-0.007
23393,2001/08/16,,11,1,2841,17134010,CHD,CHURCH & DWIGHT INC,,,,N,A,R,1103,1421,1,2841,17134010,,,,,,,,,,,,,,,,,,,,,,,,,26.070,27.000,26.990,66100.000,0.012378,26.850,27.090,38814.000,6.000,6.000,26.700,,0.012378,0.002,0.002,-0.002,-0.002,0.003
23393,2001/08/17,,11,1,2841,17134010,CHD,CHURCH & DWIGHT INC,,,,N,A,R,1103,1421,1,2841,17134010,,,,,,,,,,,,,,,,,,,,,,,,,26.500,26.950,26.760,75600.000,-0.008522,26.660,26.980,38814.000,6.000,6.000,26.850,,-0.008522,-0.016,-0.016,-0.007,-0.007,-0.017
23393,2001/08/20,,11,1,2841,17134010,CHD,CHURCH & DWIGHT INC,,,,N,A,R,1103,1421,1,2841,17134010,,,,,,,,,,,,,,,,,,,,,,,,,26.770,27.550,27.550,113300.000,0.029522,27.310,27.650,38814.000,6.000,6.000,26.770,,0.029522,0.007,0.007,-0.000,-0.000,0.008
23393,2001/08/21,,11,1,2841,17134010,CHD,CHURCH & DWIGHT INC,,,,N,A,R,1103,1421,1,2841,17134010,,,,,,,,,,,,,,,,,,,,,,,,,27.020,27.780,27.060,52800.000,-0.017786,26.950,27.300,38814.000,6.000,6.000,27.550,,-0.017786,-0.011,-0.011,-0.008,-0.008,-0.012
23393,2001/08/22,,11,1,2841,17134010,CHD,CHURCH & DWIGHT INC,,,,N,A,R,1103,1421,1,2841,17134010,,,,,,,,,,,,,,,,,,,,,,,,,26.100,27.060,26.990,54700.000,-0.002587,26.980,27.000,38814.000,6.000,6.000,27.060,,-0.002587,0.007,0.007,0.004,0.004,0.007
23393,2001/08/23,,11,1,2841,17134010,CHD,CHURCH & DWIGHT INC,,,,N,A,R,1103,1421,1,2841,17134010,,,,,,,,,,,,,,,,,,,,,,,,,26.600,27.250,26.670,41300.000,-0.011856,26.510,26.780,38814.000,6.000,6.000,27.050,,-0.011856,-0.003,-0.003,-0.004,-0.004,-0.003
23393,2001/08/24,,11,1,2841,17134010,CHD,CHURCH & DWIGHT INC,,,,N,A,R,1103,1421,1,2841,17134010,,,,,,,,2.000,,,,,,,,,,,,,5.000,2.000,13.000,1.000,26.320,26.980,26.900,42100.000,0.008624,26.790,27.000,38814.000,6.000,6.000,26.670,,0.008624,0.018,0.018,0.011,0.011,0.020
23393,2001/08/27,,11,1,2841,17134010,CHD,CHURCH & DWIGHT INC,,,,N,A,R,1103,1421,1,2841,17134010,,,,,,,,,,,,,,,,,,,,,,,,,26.200,26.900,26.360,43500.000,-0.020074,26.220,26.360,38814.000,6.000,6.000,26.750,,-0.020074,-0.004,-0.004,-0.002,-0.002,-0.005
23393,2001/08/28,,11,1,2841,17134010,CHD,CHURCH & DWIGHT INC,,,,N,A,R,1103,1421,1,2841,17134010,,,,,,,,,,,,,,,,,,,,,,,,,25.610,26.200,25.920,71900.000,-0.016692,25.910,25.940,38814.000,6.000,6.000,26.200,,-0.016692,-0.014,-0.014,-0.007,-0.007,-0.015
23393,2001/08/29,,11,1,2841,17134010,CHD,CHURCH & DWIGHT INC,,,,N,A,R,1103,1421,1,2841,17134010,,,,,,,,,,,,,,,,,,,,,,,,,25.660,26.860,26.800,91600.000,0.033951,26.600,26.900,38814.000,6.000,6.000,25.930,,0.033951,-0.010,-0.010,-0.003,-0.003,-0.011
23393,2001/08/30,,11,1,2841,17134010,CHD,CHURCH & DWIGHT INC,,,,N,A,R,1103,1421,1,2841,17134010,,,,,,,,,,,,,,,,,,,,,,,,,26.660,27.050,26.850,77000.000,0.001866,26.800,26.870,38814.000,6.000,6.000,26.750,,0.001866,-0.016,-0.016,-0.009,-0.009,-0.017
23393,2001/08/31,,11,1,2841,17134010,CHD,CHURCH & DWIGHT INC,,,,N,A,R,1103,1421,1,2841,17134010,,,,,,,,0.000,,,,,,,,,,,,,5.000,2.000,13.000,1.000,26.820,27.340,27.240,64100.000,0.014525,27.100,27.240,38981.000,6.000,6.000,26.850,,0.014525,0.004,0.004,0.006,0.006,0.004
23393,2001/09/04,,11,1,2841,17134010,CHD,CHURCH & DWIGHT INC,,,,N,A,R,1103,1421,1,2841,17134010,,,,,,,,,,,,,,,,,,,,,,,,,27.000,27.250,27.020,107200.000,-0.008076,26.850,27.130,38981.000,6.000,6.000,27.100,,-0.008076,-0.002,-0.002,-0.006,-0.006,-0.001
23393,2001/09/05,,11,1,2841,17134010,CHD,CHURCH & DWIGHT INC,,,,N,A,R,1103,1421,1,2841,17134010,,,,,,,,,,,,,,,,,,,,,,,,,26.490,26.830,26.710,86700.000,-0.011473,26.700,26.730,38981.000,6.000,6.000,26.800,,-0.011473,-0.003,-0.003,-0.009,-0.009,-0.001
23393,2001/09/06,,11,1,2841,17134010,CHD,CHURCH & DWIGHT INC,,,,N,A,R,1103,1421,1,2841,17134010,,,,,,,,,,,,,,,,,,,,,,,,,26.550,26.900,26.750,56800.000,0.001498,26.620,26.880,38981.000,6.000,6.000,26.800,,0.001498,-0.021,-0.021,-0.014,-0.014,-0.022
23393,2001/09/07,,11,1,2841,17134010,CHD,CHURCH & DWIGHT INC,,,,N,A,R,1103,1421,1,2841,17134010,,,,,,,,,,,,,,,,,,,,,,,,,26.270,26.900,26.700,57400.000,-0.001869,26.580,26.890,38981.000,6.000,6.000,26.650,,-0.001869,-0.018,-0.018,-0.012,-0.012,-0.019
23393,2001/09/10,,11,1,2841,17134010,CHD,CHURCH & DWIGHT INC,,,,N,A,R,1103,1421,1,2841,17134010,,,,,,,,,,,,,,,,,,,,,,,,,26.310,26.970,26.970,78700.000,0.010112,26.700,27.080,38981.000,6.000,6.000,26.350,,0.010112,0.004,0.004,-0.007,-0.007,0.006
23393,2001/09/17,,11,1,2841,17134010,CHD,CHURCH & DWIGHT INC,,,,N,A,R,1103,1421,1,2841,17134010,,,,,,,,,,,,,,,,,,,,,,,,,25.650,26.720,26.500,136600.000,-0.017427,26.500,26.590,38981.000,6.000,6.000,26.720,,-0.017427,-0.051,-0.051,-0.042,-0.043,-0.049
23393,2001/09/18,,11,1,2841,17134010,CHD,CHURCH & DWIGHT INC,,,,N,A,R,1103,1421,1,2841,17134010,,,,,,,,,,,,,,,,,,,,,,,,,26.250,26.940,26.850,88800.000,0.013208,26.830,26.850,38981.000,6.000,6.000,26.450,,0.013208,-0.008,-0.008,-0.010,-0.010,-0.006
23393,2001/09/19,,11,1,2841,17134010,CHD,CHURCH & DWIGHT INC,,,,N,A,R,1103,1421,1,2841,17134010,,,,,,,,,,,,,,,,,,,,,,,,,26.600,28.440,28.440,262200.000,0.059218,28.340,28.550,38981.000,6.000,6.000,26.800,,0.059218,-0.017,-0.017,-0.024,-0.024,-0.016
23393,2001/09/20,,11,1,2841,17134010,CHD,CHURCH & DWIGHT INC,,,,N,A,R,1103,1421,1,2841,17134010,,,,,,,,,,,,,,,,,,,,,,,,,27.700,28.350,27.850,285100.000,-0.020745,27.750,28.060,38981.000,6.000,6.000,28.000,,-0.020745,-0.031,-0.031,-0.033,-0.033,-0.031
23393,2001/09/21,,11,1,2841,17134010,CHD,CHURCH & DWIGHT INC,,,,N,A,R,1103,1421,1,2841,17134010,,,,,,,,,,,,,,,,,,,,,,,,,26.000,27.400,26.250,218900.000,-0.057451,26.150,26.370,38981.000,6.000,6.000,27.400,,-0.057451,-0.019,-0.019,-0.020,-0.020,-0.019
23393,2001/09/24,,11,1,2841,17134010,CHD,CHURCH & DWIGHT INC,,,,N,A,R,1103,1421,1,2841,17134010,,,,,,,,,,,,,,,,,,,,,,,,,26.250,26.740,26.630,68400.000,0.014476,26.400,26.740,38981.000,6.000,6.000,26.250,,0.014476,0.038,0.038,0.033,0.033,0.039
23393,2001/09/25,,11,1,2841,17134010,CHD,CHURCH & DWIGHT INC,,,,N,A,R,1103,1421,1,2841,17134010,,,,,,,,,,,,,,,,,,,,,,,,,26.500,27.180,27.030,114000.000,0.015021,26.930,27.170,38981.000,6.000,6.000,26.500,,0.015021,0.008,0.008,0.004,0.004,0.009
23393,2001/09/26,,11,1,2841,17134010,CHD,CHURCH & DWIGHT INC,,,,N,A,R,1103,1421,1,2841,17134010,,,,,,,,,,,,,,,,,,,,,,,,,26.400,27.100,26.500,112100.000,-0.019608,26.390,26.720,38981.000,6.000,6.000,27.100,,-0.019608,-0.006,-0.006,-0.010,-0.010,-0.005
23393,2001/09/27,,11,1,2841,17134010,CHD,CHURCH & DWIGHT INC,,,,N,A,R,1103,1421,1,2841,17134010,,,,,,,,,,,,,,,,,,,,,,,,,26.310,26.605,26.400,129600.000,-0.003774,26.370,26.450,38981.000,6.000,6.000,26.500,,-0.003774,0.011,0.011,-0.001,-0.001,0.011
23393,2001/09/28,,11,1,2841,17134010,CHD,CHURCH & DWIGHT INC,,,,N,A,R,1103,1421,1,2841,17134010,,,,,,,,0.000,,,,,,,,,,,,,5.000,2.000,13.000,1.000,25.600,27.240,25.850,130700.000,-0.020833,25.780,25.940,38981.000,6.000,6.000,26.450,,-0.020833,0.023,0.023,0.025,0.025,0.022
23393,2001/10/01,,11,1,2841,17134010,CHD,CHURCH & DWIGHT INC,,,,N,A,R,1103,1421,1,2841,17134010,,,,,,,,,,,,,,,,,,,,,,,,,25.250,25.950,25.700,159300.000,-0.005803,25.510,25.840,38981.000,6.000,6.000,25.500,,-0.005803,-0.004,-0.004,-0.010,-0.010,-0.002
23393,2001/10/02,,11,1,2841,17134010,CHD,CHURCH & DWIGHT INC,,,,N,A,R,1103,1421,1,2841,17134010,,,,,,,,,,,,,,,,,,,,,,,,,25.950,26.550,26.500,150700.000,0.031128,26.200,26.610,38981.000,6.000,6.000,25.950,,0.031128,0.012,0.012,0.007,0.007,0.012
23393,2001/10/03,,11,1,2841,17134010,CHD,CHURCH & DWIGHT INC,,,,N,A,R,1103,1421,1,2841,17134010,,,,,,,,,,,,,,,,,,,,,,,,,26.220,26.930,26.820,140600.000,0.012075,26.800,26.930,38981.000,6.000,6.000,26.600,,0.012075,0.022,0.022,0.021,0.021,0.020
23393,2001/10/04,,11,1,2841,17134010,CHD,CHURCH & DWIGHT INC,,,,N,A,R,1103,1421,1,2841,17134010,,,,,,,,,,,,,,,,,,,,,,,,,26.300,26.990,26.690,51100.000,-0.004847,26.510,26.790,38981.000,6.000,6.000,26.950,,-0.004847,-0.000,-0.000,0.011,0.011,-0.002
23393,2001/10/05,,11,1,2841,17134010,CHD,CHURCH & DWIGHT INC,,,,N,A,R,1103,1421,1,2841,17134010,,,,,,,,,,,,,,,,,,,,,,,,,25.650,26.690,26.420,80400.000,-0.010116,26.420,26.450,38981.000,6.000,6.000,26.690,,-0.010116,0.000,0.000,0.001,0.000,0.002
23393,2001/10/08,,11,1,2841,17134010,CHD,CHURCH & DWIGHT INC,,,,N,A,R,1103,1421,1,2841,17134010,,,,,,,,,,,,,,,,,,,,,,,,,24.450,25.700,25.660,193700.000,-0.028766,25.530,25.750,38981.000,6.000,6.000,25.250,,-0.028766,-0.008,-0.008,-0.002,-0.002,-0.008
23393,2001/10/09,,11,1,2841,17134010,CHD,CHURCH & DWIGHT INC,,,,N,A,R,1103,1421,1,2841,17134010,,,,,,,,,,,,,,,,,,,,,,,,,25.000,25.550,25.170,87300.000,-0.019096,25.070,25.340,38981.000,6.000,6.000,25.550,,-0.019096,-0.005,-0.005,-0.004,-0.004,-0.005
23393,2001/10/10,,11,1,2841,17134010,CHD,CHURCH & DWIGHT INC,,,,N,A,R,1103,1421,1,2841,17134010,,,,,,,,,,,,,,,,,,,,,,,,,24.780,25.450,25.380,151200.000,0.008343,25.270,25.530,38981.000,6.000,6.000,25.170,,0.008343,0.023,0.023,0.019,0.019,0.023
23393,2001/10/11,,11,1,2841,17134010,CHD,CHURCH & DWIGHT INC,,,,N,A,R,1103,1421,1,2841,17134010,,,,,,,,,,,,,,,,,,,,,,,,,25.390,25.720,25.450,126600.000,0.002758,25.380,25.450,38981.000,6.000,6.000,25.550,,0.002758,0.017,0.017,0.019,0.019,0.015
23393,2001/10/12,,11,1,2841,17134010,CHD,CHURCH & DWIGHT INC,,,,N,A,R,1103,1421,1,2841,17134010,,,,,,,,,,,,,,,,,,,,,,,,,24.900,25.330,25.330,79400.000,-0.004715,25.130,25.450,38981.000,6.000,6.000,25.300,,-0.004715,-0.005,-0.005,0.000,0.000,-0.005
23393,2001/10/15,,11,1,2841,17134010,CHD,CHURCH & DWIGHT INC,,,,N,A,R,1103,1421,1,2841,17134010,,,,,,,,,,,,,,,,,,,,,,,,,24.860,25.200,25.060,62700.000,-0.010659,24.950,25.230,38981.000,6.000,6.000,25.200,,-0.010659,-0.001,-0.001,0.003,0.003,-0.002
23393,2001/10/16,,11,1,2841,17134010,CHD,CHURCH & DWIGHT INC,,,,N,A,R,1103,1421,1,2841,17134010,,,,,,,,,,,,,,,,,,,,,,,,,24.960,25.260,25.260,142400.000,0.007981,25.050,25.370,38981.000,6.000,6.000,25.070,,0.007981,0.008,0.008,0.011,0.011,0.007
23393,2001/10/17,,11,1,2841,17134010,CHD,CHURCH & DWIGHT INC,,,,N,A,R,1103,1421,1,2841,17134010,,,,,,,,,,,,,,,,,,,,,,,,,24.590,25.490,25.030,47300.000,-0.009105,24.930,25.260,38981.000,6.000,6.000,25.350,,-0.009105,-0.019,-0.019,-0.006,-0.006,-0.019
23393,2001/10/18,,11,1,2841,17134010,CHD,CHURCH & DWIGHT INC,,,,N,A,R,1103,1421,1,2841,17134010,,,,,,,,,,,,,,,,,,,,,,,,,24.520,25.340,25.150,46200.000,0.004794,25.150,25.250,38981.000,6.000,6.000,25.000,,0.004794,-0.007,-0.007,-0.005,-0.005,-0.008
23393,2001/10/19,,11,1,2841,17134010,CHD,CHURCH & DWIGHT INC,,,,N,A,R,1103,1421,1,2841,17134010,,,,,,,,,,,,,,,,,,,,,,,,,24.950,25.490,25.490,49200.000,0.013519,25.290,25.600,38981.000,6.000,6.000,25.240,,0.013519,0.005,0.005,0.005,0.005,0.005
23393,2001/10/22,,11,1,2841,17134010,CHD,CHURCH & DWIGHT INC,,,,N,A,R,1103,1421,1,2841,17134010,,,,,,,,,,,,,,,,,,,,,,,,,25.050,25.500,25.350,65700.000,-0.005492,25.160,25.460,38981.000,6.000,6.000,25.490,,-0.005492,0.015,0.015,0.008,0.008,0.015
23393,2001/10/23,,11,1,2841,17134010,CHD,CHURCH & DWIGHT INC,,,,N,A,R,1103,1421,1,2841,17134010,,,,,,,,,,,,,,,,,,,,,,,,,25.160,25.490,25.280,37400.000,-0.002761,25.180,25.290,38981.000,6.000,6.000,25.400,,-0.002761,-0.004,-0.004,0.000,0.000,-0.005
23393,2001/10/24,,11,1,2841,17134010,CHD,CHURCH & DWIGHT INC,,,,N,A,R,1103,1421,1,2841,17134010,,,,,,,,,,,,,,,,,,,,,,,,,24.850,25.190,25.000,20500.000,-0.011076,25.000,25.030,38981.000,6.000,6.000,25.030,,-0.011076,0.001,0.001,0.004,0.004,0.000
23393,2001/10/25,,11,1,2841,17134010,CHD,CHURCH & DWIGHT INC,,,,N,A,R,1103,1421,1,2841,17134010,,,,,,,,,,,,,,,,,,,,,,,,,24.350,25.150,24.990,49500.000,-0.000400,24.790,25.090,38981.000,6.000,6.000,24.900,,-0.000400,0.014,0.014,0.011,0.011,0.014
23393,2001/10/26,,11,1,2841,17134010,CHD,CHURCH & DWIGHT INC,,,,N,A,R,1103,1421,1,2841,17134010,,,,,,,,,,,,,,,,,,,,,,,,,25.100,26.850,26.520,243900.000,0.061225,26.510,26.550,38981.000,6.000,6.000,25.240,,0.061225,0.004,0.004,0.007,0.007,0.004
23393,2001/10/29,,11,1,2841,17134010,CHD,CHURCH & DWIGHT INC,,,,N,A,R,1103,1421,1,2841,17134010,,,,,,,,,,,,,,,,,,,,,,,,,25.800,26.500,26.320,140600.000,-0.007542,26.210,26.460,38981.000,6.000,6.000,26.400,,-0.007542,-0.023,-0.023,-0.009,-0.009,-0.024
23393,2001/10/30,,11,1,2841,17134010,CHD,CHURCH & DWIGHT INC,,,,N,A,R,1103,1421,1,2841,17134010,,,,,,,,,,,,,,,,,,,,,,,,,25.900,26.300,26.000,71000.000,-0.012158,25.900,26.120,38981.000,6.000,6.000,26.100,,-0.012158,-0.017,-0.017,-0.011,-0.012,-0.017
23393,2001/10/31,,11,1,2841,17134010,CHD,CHURCH & DWIGHT INC,,,,N,A,R,1103,1421,1,2841,17134010,,,,,,,,0.000,,,,,,,,,,,,,5.000,2.000,13.000,1.000,25.700,26.500,26.000,177300.000,0.000000,25.920,26.160,38981.000,6.000,6.000,26.000,,0.000000,0.002,0.002,0.011,0.011,-0.000
23393,2001/11/01,,11,1,2841,17134010,CHD,CHURCH & DWIGHT INC,,,,N,A,R,1103,1421,1,2841,17134010,,,,,,,,,,,,,,,,,,,,,,,,,26.100,26.850,26.770,81200.000,0.029615,26.600,26.870,38981.000,6.000,6.000,26.250,,0.029615,0.021,0.021,0.009,0.009,0.023
23393,2001/11/02,,11,1,2841,17134010,CHD,CHURCH & DWIGHT INC,,,,N,A,R,1103,1421,1,2841,17134010,,,,,,,,,,,,,,,,,,,,,,,,,26.120,26.850,26.300,114800.000,-0.017557,26.200,26.410,38981.000,6.000,6.000,26.840,,-0.017557,0.002,0.002,-0.001,-0.001,0.003
23393,2001/11/05,,11,1,2841,17134010,CHD,CHURCH & DWIGHT INC,,,,N,A,R,1103,1421,1,2841,17134010,,,,,,,,,,,,,,,,,,,,,,,,,25.920,27.000,26.900,94000.000,0.022814,26.880,26.970,38981.000,6.000,6.000,26.050,,0.022814,0.014,0.014,0.008,0.008,0.014
23393,2001/11/06,,11,1,2841,17134010,CHD,CHURCH & DWIGHT INC,,,,N,A,R,1103,1421,1,2841,17134010,,,,,,,,,,,,,,,,,,,,,,,,,26.500,27.180,27.000,78900.000,0.003717,26.970,27.000,38981.000,6.000,6.000,26.900,,0.003717,0.014,0.014,0.007,0.007,0.015
23393,2001/11/07,,11,1,2841,17134010,CHD,CHURCH & DWIGHT INC,,,,N,A,R,1103,1421,1,2841,17134010,2001/10/26,,,,,2001/12/01,2001/11/09,0.000,,,1232.000,0.075,0.000,0.000,,,,,,,5.000,2.000,13.000,1.000,26.530,26.980,26.640,120900.000,-0.010556,26.530,26.800,38981.000,6.000,6.000,26.920,,-0.013333,-0.002,-0.002,0.001,0.001,-0.003
23393,2001/11/08,,11,1,2841,17134010,CHD,CHURCH & DWIGHT INC,,,,N,A,R,1103,1421,1,2841,17134010,,,,,,,,,,,,,,,,,,,,,,,,,25.750,26.800,25.800,74100.000,-0.031532,25.660,25.950,38981.000,6.000,6.000,26.600,,-0.031532,0.001,0.001,0.003,0.003,0.002
23393,2001/11/09,,11,1,2841,17134010,CHD,CHURCH & DWIGHT INC,,,,N,A,R,1103,1421,1,2841,17134010,,,,,,,,,,,,,,,,,,,,,,,,,25.750,26.300,26.010,51500.000,0.008140,26.010,26.070,38981.000,6.000,6.000,25.750,,0.008140,0.001,0.001,0.003,0.003,0.002
23393,2001/11/12,,11,1,2841,17134010,CHD,CHURCH & DWIGHT INC,,,,N,A,R,1103,1421,1,2841,17134010,,,,,,,,,,,,,,,,,,,,,,,,,25.750,26.310,26.190,43500.000,0.006920,26.050,26.290,38981.000,6.000,6.000,26.020,,0.006920,-0.001,-0.001,0.001,0.001,-0.002
23393,2001/11/13,,11,1,2841,17134010,CHD,CHURCH & DWIGHT INC,,,,N,A,R,1103,1421,1,2841,17134010,,,,,,,,,,,,,,,,,,,,,,,,,25.550,26.220,25.670,69400.000,-0.019855,25.520,25.780,38981.000,6.000,6.000,26.190,,-0.019855,0.019,0.018,0.014,0.014,0.019
23393,2001/11/14,,11,1,2841,17134010,CHD,CHURCH & DWIGHT INC,,,,N,A,R,1103,1421,1,2841,17134010,,,,,,,,,,,,,,,,,,,,,,,,,25.600,25.970,25.800,88300.000,0.005064,25.660,25.900,38981.000,6.000,6.000,25.600,,0.005064,0.003,0.003,0.008,0.007,0.002
23393,2001/11/15,,11,1,2841,17134010,CHD,CHURCH & DWIGHT INC,,,,N,A,R,1103,1421,1,2841,17134010,,,,,,,,,,,,,,,,,,,,,,,,,25.750,25.950,25.850,97900.000,0.001938,25.850,25.860,38981.000,6.000,6.000,25.800,,0.001938,0.000,0.000,0.000,0.000,0.001
23393,2001/11/16,,11,1,2841,17134010,CHD,CHURCH & DWIGHT INC,,,,N,A,R,1103,1421,1,2841,17134010,,,,,,,,,,,,,,,,,,,,,,,,,25.450,26.215,25.450,91600.000,-0.015474,25.350,25.630,38981.000,6.000,6.000,25.900,,-0.015474,-0.002,-0.002,0.006,0.006,-0.003
23393,2001/11/19,,11,1,2841,17134010,CHD,CHURCH & DWIGHT INC,,,,N,A,R,1103,1421,1,2841,17134010,,,,,,,,,,,,,,,,,,,,,,,,,25.140,25.470,25.470,135700.000,0.000786,25.220,25.580,38981.000,6.000,6.000,25.200,,0.000786,0.012,0.012,0.012,0.012,0.011
23393,2001/11/20,,11,1,2841,17134010,CHD,CHURCH & DWIGHT INC,,,,N,A,R,1103,1421,1,2841,17134010,,,,,,,,,,,,,,,,,,,,,,,,,25.250,25.630,25.510,68200.000,0.001571,25.480,25.510,38981.000,6.000,6.000,25.400,,0.001571,-0.008,-0.008,-0.005,-0.005,-0.007
23393,2001/11/21,,11,1,2841,17134010,CHD,CHURCH & DWIGHT INC,,,,N,A,R,1103,1421,1,2841,17134010,,,,,,,,,,,,,,,,,,,,,,,,,25.510,26.200,26.120,80000.000,0.023912,26.010,26.230,38981.000,6.000,6.000,25.510,,0.023912,-0.004,-0.005,0.000,0.000,-0.005
23393,2001/11/23,,11,1,2841,17134010,CHD,CHURCH & DWIGHT INC,,,,N,A,R,1103,1421,1,2841,17134010,,,,,,,,,,,,,,,,,,,,,,,,,26.000,26.590,26.500,37800.000,0.014548,26.500,26.570,38981.000,6.000,6.000,26.000,,0.014548,0.012,0.012,0.010,0.010,0.012
23393,2001/11/26,,11,1,2841,17134010,CHD,CHURCH & DWIGHT INC,,,,N,A,R,1103,1421,1,2841,17134010,,,,,,,,,,,,,,,,,,,,,,,,,26.280,26.800,26.380,60800.000,-0.004528,26.360,26.380,38981.000,6.000,6.000,26.500,,-0.004528,0.007,0.007,0.006,0.006,0.006
23393,2001/11/27,,11,1,2841,17134010,CHD,CHURCH & DWIGHT INC,,,,N,A,R,1103,1421,1,2841,17134010,,,,,,,,,,,,,,,,,,,,,,,,,26.030,26.550,26.130,67700.000,-0.009477,25.970,26.240,38981.000,6.000,6.000,26.280,,-0.009477,-0.005,-0.005,0.002,0.002,-0.007
23393,2001/11/28,,11,1,2841,17134010,CHD,CHURCH & DWIGHT INC,,,,N,A,R,1103,1421,1,2841,17134010,,,,,,,,,,,,,,,,,,,,,,,,,26.000,26.290,26.100,90800.000,-0.001148,25.950,26.200,38981.000,6.000,6.000,26.100,,-0.001148,-0.017,-0.018,-0.010,-0.010,-0.018
23393,2001/11/29,,11,1,2841,17134010,CHD,CHURCH & DWIGHT INC,,,,N,A,R,1103,1421,1,2841,17134010,,,,,,,,,,,,,,,,,,,,,,,,,26.000,26.490,26.490,81400.000,0.014943,26.350,26.590,38981.000,6.000,6.000,26.100,,0.014943,0.011,0.011,0.009,0.009,0.010
23393,2001/11/30,,11,1,2841,17134010,CHD,CHURCH & DWIGHT INC,,,,N,A,R,1103,1421,1,2841,17134010,,,,,,,,0.000,,,,,,,,,,,,,5.000,2.000,13.000,1.000,26.300,26.590,26.300,153800.000,-0.007173,26.200,26.470,39099.000,6.000,6.000,26.450,,-0.007173,-0.001,-0.001,0.001,0.001,-0.001
23393,2001/12/03,,11,1,2841,17134010,CHD,CHURCH & DWIGHT INC,,,,N,A,R,1103,1421,1,2841,17134010,,,,,,,,,,,,,,,,,,,,,,,,,25.880,26.450,26.400,70000.000,0.003802,26.280,26.520,39099.000,6.000,6.000,26.400,,0.003802,-0.008,-0.008,-0.007,-0.007,-0.008
23393,2001/12/04,,11,1,2841,17134010,CHD,CHURCH & DWIGHT INC,,,,N,A,R,1103,1421,1,2841,17134010,,,,,,,,,,,,,,,,,,,,,,,,,25.670,26.550,26.550,132900.000,0.005682,26.540,26.550,39099.000,6.000,6.000,26.550,,0.005682,0.015,0.015,0.012,0.012,0.013
23393,2001/12/05,,11,1,2841,17134010,CHD,CHURCH & DWIGHT INC,,,,N,A,R,1103,1421,1,2841,17134010,,,,,,,,,,,,,,,,,,,,,,,,,26.530,26.800,26.800,104200.000,0.009416,26.570,26.900,39099.000,6.000,6.000,26.590,,0.009416,0.023,0.023,0.017,0.017,0.022
23393,2001/12/06,,11,1,2841,17134010,CHD,CHURCH & DWIGHT INC,,,,N,A,R,1103,1421,1,2841,17134010,,,,,,,,,,,,,,,,,,,,,,,,,26.310,26.800,26.350,70300.000,-0.016791,26.330,26.350,39099.000,6.000,6.000,26.700,,-0.016791,-0.001,-0.001,0.006,0.006,-0.003
23393,2001/12/07,,11,1,2841,17134010,CHD,CHURCH & DWIGHT INC,,,,N,A,R,1103,1421,1,2841,17134010,,,,,,,,,,,,,,,,,,,,,,,,,25.950,26.600,26.180,78500.000,-0.006452,25.940,26.300,39099.000,6.000,6.000,26.500,,-0.006452,-0.007,-0.007,0.002,0.002,-0.008
23393,2001/12/10,,11,1,2841,17134010,CHD,CHURCH & DWIGHT INC,,,,N,A,R,1103,1421,1,2841,17134010,,,,,,,,,,,,,,,,,,,,,,,,,25.900,26.250,26.200,84600.000,0.000764,26.030,26.300,39099.000,6.000,6.000,26.100,,0.000764,-0.015,-0.015,-0.007,-0.007,-0.016
23393,2001/12/11,,11,1,2841,17134010,CHD,CHURCH & DWIGHT INC,,,,N,A,R,1103,1421,1,2841,17134010,,,,,,,,,,,,,,,,,,,,,,,,,25.710,26.620,25.850,131000.000,-0.013359,25.740,25.960,39099.000,6.000,6.000,26.200,,-0.013359,-0.002,-0.002,0.003,0.003,-0.003
23393,2001/12/12,,11,1,2841,17134010,CHD,CHURCH & DWIGHT INC,,,,N,A,R,1103,1421,1,2841,17134010,,,,,,,,,,,,,,,,,,,,,,,,,25.860,26.100,26.000,119000.000,0.005803,25.900,26.150,39099.000,6.000,6.000,25.860,,0.005803,0.001,0.000,0.002,0.002,0.000
23393,2001/12/13,,11,1,2841,17134010,CHD,CHURCH & DWIGHT INC,,,,N,A,R,1103,1421,1,2841,17134010,,,,,,,,,,,,,,,,,,,,,,,,,25.500,26.100,25.520,196800.000,-0.018462,,,39099.000,6.000,6.000,26.100,,-0.018462,-0.015,-0.015,-0.008,-0.008,-0.016
23393,2001/12/14,,11,1,2841,17134010,CHD,CHURCH & DWIGHT INC,,,,N,A,R,1103,1421,1,2841,17134010,,,,,,,,,,,,,,,,,,,,,,,,,25.500,26.100,26.000,83000.000,0.018809,,,39099.000,6.000,6.000,25.750,,0.018809,0.003,0.003,0.002,0.002,0.003
23393,2001/12/17,,11,1,2841,17134010,CHD,CHURCH & DWIGHT INC,,,,N,A,R,1103,1421,1,2841,17134010,,,,,,,,,,,,,,,,,,,,,,,,,25.750,26.550,26.300,82200.000,0.011538,,,39099.000,6.000,6.000,25.750,,0.011538,0.010,0.010,0.005,0.005,0.010
23393,2001/12/18,,11,1,2841,17134010,CHD,CHURCH & DWIGHT INC,,,,N,A,R,1103,1421,1,2841,17134010,,,,,,,,,,,,,,,,,,,,,,,,,26.100,26.590,26.590,178500.000,0.011027,26.470,26.590,39099.000,6.000,6.000,26.300,,0.011027,0.008,0.008,0.007,0.007,0.008
23393,2001/12/19,,11,1,2841,17134010,CHD,CHURCH & DWIGHT INC,,,,N,A,R,1103,1421,1,2841,17134010,,,,,,,,,,,,,,,,,,,,,,,,,25.960,26.500,26.220,56700.000,-0.013915,,,39099.000,6.000,6.000,26.450,,-0.013915,0.004,0.004,-0.003,-0.003,0.006
23393,2001/12/20,,11,1,2841,17134010,CHD,CHURCH & DWIGHT INC,,,,N,A,R,1103,1421,1,2841,17134010,,,,,,,,,,,,,,,,,,,,,,,,,25.420,26.700,25.550,142500.000,-0.025553,,,39099.000,6.000,6.000,26.090,,-0.025553,-0.009,-0.009,-0.009,-0.009,-0.008
23393,2001/12/21,,11,1,2841,17134010,CHD,CHURCH & DWIGHT INC,,,,N,A,R,1103,1421,1,2841,17134010,,,,,,,,,,,,,,,,,,,,,,,,,25.490,26.040,25.920,175800.000,0.014481,25.900,25.920,39099.000,6.000,6.000,25.490,,0.014481,0.006,0.006,0.010,0.010,0.004
23393,2001/12/24,,11,1,2841,17134010,CHD,CHURCH & DWIGHT INC,,,,N,A,R,1103,1421,1,2841,17134010,,,,,,,,,,,,,,,,,,,,,,,,,25.910,26.250,26.100,20200.000,0.006944,,,39099.000,6.000,6.000,25.920,,0.006944,0.000,0.000,0.004,0.004,-0.000
23393,2001/12/26,,11,1,2841,17134010,CHD,CHURCH & DWIGHT INC,,,,N,A,R,1103,1421,1,2841,17134010,,,,,,,,,,,,,,,,,,,,,,,,,25.950,26.530,26.510,69000.000,0.015709,26.500,26.510,39099.000,6.000,6.000,25.950,,0.015709,0.005,0.005,0.007,0.007,0.004
23393,2001/12/27,,11,1,2841,17134010,CHD,CHURCH & DWIGHT INC,,,,N,A,R,1103,1421,1,2841,17134010,,,,,,,,,,,,,,,,,,,,,,,,,26.400,26.700,26.640,53800.000,0.004904,,,39099.000,6.000,6.000,26.510,,0.004904,0.007,0.007,0.008,0.008,0.007
23393,2001/12/28,,11,1,2841,17134010,CHD,CHURCH & DWIGHT INC,,,,N,A,R,1103,1421,1,2841,17134010,,,,,,,,,,,,,,,,,,,,,,,,,26.450,26.990,26.890,100400.000,0.009384,,,39099.000,6.000,6.000,26.540,,0.009384,0.004,0.004,0.009,0.009,0.003
23393,2001/12/31,,11,1,2841,17134010,CHD,CHURCH & DWIGHT INC,,,,N,A,R,1103,1421,1,2841,17134010,,,,,,,,0.000,,,,,,,,,,,,,5.000,2.000,13.000,1.000,26.490,26.850,26.630,127100.000,-0.009669,,,39099.000,6.000,6.000,26.640,,-0.009669,-0.010,-0.010,0.007,0.007,-0.011
23393,2002/01/02,2004/06/09,11,1,2841,17134010,CHD,CHURCH & DWIGHT INC,,CHD,,N,A,R,1103,1421,1,2841,17134010,,,,,,,,2.000,28.000,284.000,,,,,,,,,,,5.000,2.000,13.000,1.000,25.750,26.520,26.510,126900.000,-0.004506,,,39099.000,6.000,6.000,26.350,,-0.004506,0.004,0.004,0.008,0.008,0.006
23393,2002/01/03,,11,1,2841,17134010,CHD,CHURCH & DWIGHT INC,,CHD,,N,A,R,1103,1421,1,2841,17134010,,,,,,,,,28.000,284.000,,,,,,,,,,,,,,,26.100,26.750,26.450,102200.000,-0.002263,,,39099.000,6.000,6.000,26.510,,-0.002263,0.010,0.010,0.013,0.013,0.009
23393,2002/01/04,,11,1,2841,17134010,CHD,CHURCH & DWIGHT INC,,CHD,,N,A,R,1103,1421,1,2841,17134010,,,,,,,,,28.000,284.000,,,,,,,,,,,,,,,26.050,26.720,26.280,175300.000,-0.006427,,,39099.000,6.000,6.000,26.350,,-0.006427,0.007,0.007,0.011,0.011,0.006
23393,2002/01/07,,11,1,2841,17134010,CHD,CHURCH & DWIGHT INC,,CHD,,N,A,R,1103,1421,1,2841,17134010,,,,,,,,,28.000,284.000,,,,,,,,,,,,,,,25.730,26.450,25.900,108800.000,-0.014460,25.900,25.930,39099.000,6.000,6.000,26.450,,-0.014460,-0.007,-0.007,-0.000,-0.000,-0.006
23393,2002/01/08,,11,1,2841,17134010,CHD,CHURCH & DWIGHT INC,,CHD,,N,A,R,1103,1421,1,2841,17134010,,,,,,,,,28.000,284.000,,,,,,,,,,,,,,,25.540,25.980,25.950,81100.000,0.001931,,,39099.000,6.000,6.000,25.950,,0.001931,-0.002,-0.003,0.005,0.005,-0.004
23393,2002/01/09,,11,1,2841,17134010,CHD,CHURCH & DWIGHT INC,,CHD,,N,A,R,1103,1421,1,2841,17134010,,,,,,,,,28.000,284.000,,,,,,,,,,,,,,,25.900,26.300,26.000,200900.000,0.001927,,,39099.000,6.000,6.000,26.050,,0.001927,-0.004,-0.004,0.001,0.001,-0.005
23393,2002/01/10,,11,1,2841,17134010,CHD,CHURCH & DWIGHT INC,,CHD,,N,A,R,1103,1421,1,2841,17134010,,,,,,,,,28.000,284.000,,,,,,,,,,,,,,,25.880,26.480,26.480,86000.000,0.018462,,,39099.000,6.000,6.000,26.010,,0.018462,0.001,0.001,0.000,0.000,0.001
23393,2002/01/11,,11,1,2841,17134010,CHD,CHURCH & DWIGHT INC,,CHD,,N,A,R,1103,1421,1,2841,17134010,,,,,,,,,28.000,284.000,,,,,,,,,,,,,,,26.040,26.990,26.510,104400.000,0.001133,,,39099.000,6.000,6.000,26.350,,0.001133,-0.009,-0.009,-0.004,-0.004,-0.009
23393,2002/01/14,,11,1,2841,17134010,CHD,CHURCH & DWIGHT INC,,CHD,,N,A,R,1103,1421,1,2841,17134010,,,,,,,,,28.000,284.000,,,,,,,,,,,,,,,26.200,27.170,26.500,148600.000,-0.000377,,,39099.000,6.000,6.000,26.300,,-0.000377,-0.008,-0.008,-0.010,-0.010,-0.006
23393,2002/01/15,,11,1,2841,17134010,CHD,CHURCH & DWIGHT INC,,CHD,,N,A,R,1103,1421,1,2841,17134010,,,,,,,,,28.000,284.000,,,,,,,,,,,,,,,26.380,27.400,27.360,132000.000,0.032453,,,39099.000,6.000,6.000,26.400,,0.032453,0.006,0.006,0.001,0.001,0.007
23393,2002/01/16,,11,1,2841,17134010,CHD,CHURCH & DWIGHT INC,,CHD,,N,A,R,1103,1421,1,2841,17134010,,,,,,,,,28.000,284.000,,,,,,,,,,,,,,,27.070,27.600,27.270,94200.000,-0.003289,,,39099.000,6.000,6.000,27.360,,-0.003289,-0.016,-0.016,-0.011,-0.011,-0.016
23393,2002/01/17,,11,1,2841,17134010,CHD,CHURCH & DWIGHT INC,,CHD,,N,A,R,1103,1421,1,2841,17134010,,,,,,,,,28.000,284.000,,,,,,,,,,,,,,,27.000,27.900,27.900,91600.000,0.023102,,,39099.000,6.000,6.000,27.100,,0.023102,0.010,0.010,0.007,0.007,0.010
23393,2002/01/18,,11,1,2841,17134010,CHD,CHURCH & DWIGHT INC,,CHD,,N,A,R,1103,1421,1,2841,17134010,,,,,,,,,28.000,284.000,,,,,,,,,,,,,,,27.300,27.990,27.580,141100.000,-0.011470,,,39099.000,6.000,6.000,27.900,,-0.011470,-0.010,-0.010,-0.006,-0.006,-0.010
23393,2002/01/22,,11,1,2841,17134010,CHD,CHURCH & DWIGHT INC,,CHD,,N,A,R,1103,1421,1,2841,17134010,,,,,,,,,28.000,284.000,,,,,,,,,,,,,,,27.590,28.850,28.350,416400.000,0.027919,,,39099.000,6.000,6.000,27.590,,0.027919,-0.008,-0.008,-0.008,-0.008,-0.007
23393,2002/01/23,,11,1,2841,17134010,CHD,CHURCH & DWIGHT INC,,CHD,,N,A,R,1103,1421,1,2841,17134010,,,,,,,,,28.000,284.000,,,,,,,,,,,,,,,28.250,29.330,29.330,354500.000,0.034568,29.260,29.330,39099.000,6.000,6.000,28.300,,0.034568,0.009,0.009,0.008,0.008,0.008
23393,2002/01/24,,11,1,2841,17134010,CHD,CHURCH & DWIGHT INC,,CHD,,N,A,R,1103,1421,1,2841,17134010,,,,,,,,,28.000,284.000,,,,,,,,,,,,,,,29.270,29.890,29.650,303900.000,0.010910,,,39099.000,6.000,6.000,29.330,,0.010910,0.004,0.004,0.006,0.006,0.004
23393,2002/01/25,,11,1,2841,17134010,CHD,CHURCH & DWIGHT INC,,CHD,,N,A,R,1103,1421,1,2841,17134010,,,,,,,,,28.000,284.000,,,,,,,,,,,,,,,29.420,29.990,29.550,287100.000,-0.003373,,,39099.000,6.000,6.000,29.600,,-0.003373,0.001,0.001,0.000,0.000,0.001
23393,2002/01/28,,11,1,2841,17134010,CHD,CHURCH & DWIGHT INC,,CHD,,N,A,R,1103,1421,1,2841,17134010,,,,,,,,,28.000,284.000,,,,,,,,,,,,,,,28.810,29.800,29.620,237700.000,0.002369,29.570,29.630,39099.000,6.000,6.000,29.750,,0.002369,0.000,0.000,0.000,0.000,-0.000
23393,2002/01/29,,11,1,2841,17134010,CHD,CHURCH & DWIGHT INC,,CHD,,N,A,R,1103,1421,1,2841,17134010,,,,,,,,,28.000,284.000,,,,,,,,,,,,,,,28.800,29.450,29.270,159800.000,-0.011816,,,39099.000,6.000,6.000,29.370,,-0.011816,-0.025,-0.025,-0.011,-0.012,-0.029
23393,2002/01/30,,11,1,2841,17134010,CHD,CHURCH & DWIGHT INC,,CHD,,N,A,R,1103,1421,1,2841,17134010,,,,,,,,,28.000,284.000,,,,,,,,,,,,,,,29.100,29.450,29.270,237700.000,0.000000,,,39099.000,6.000,6.000,29.250,,0.000000,0.010,0.010,0.004,0.004,0.012
23393,2002/01/31,,11,1,2841,17134010,CHD,CHURCH & DWIGHT INC,,CHD,,N,A,R,1103,1421,1,2841,17134010,,,,,,,,0.000,28.000,284.000,,,,,,,,,,,5.000,2.000,13.000,1.000,29.115,29.850,29.430,139400.000,0.005466,,,39099.000,6.000,6.000,29.280,,0.005466,0.013,0.013,0.010,0.009,0.015
23393,2002/02/01,,11,1,2841,17134010,CHD,CHURCH & DWIGHT INC,,CHD,,N,A,R,1103,1421,1,2841,17134010,,,,,,,,,28.000,284.000,,,,,,,,,,,,,,,29.220,29.560,29.390,143700.000,-0.001359,,,39099.000,6.000,6.000,29.430,,-0.001359,-0.006,-0.006,-0.002,-0.002,-0.007
23393,2002/02/04,,11,1,2841,17134010,CHD,CHURCH & DWIGHT INC,,CHD,,N,A,R,1103,1421,1,2841,17134010,,,,,,,,,28.000,284.000,,,,,,,,,,,,,,,29.330,29.650,29.410,100100.000,0.000681,29.410,29.490,39099.000,6.000,6.000,29.390,,0.000681,-0.024,-0.024,-0.016,-0.016,-0.025
23393,2002/02/05,,11,1,2841,17134010,CHD,CHURCH & DWIGHT INC,,CHD,,N,A,R,1103,1421,1,2841,17134010,,,,,,,,,28.000,284.000,,,,,,,,,,,,,,,29.300,29.620,29.360,258300.000,-0.001700,,,39099.000,6.000,6.000,29.550,,-0.001700,-0.005,-0.005,-0.008,-0.008,-0.004
23393,2002/02/06,,11,1,2841,17134010,CHD,CHURCH & DWIGHT INC,,CHD,,N,A,R,1103,1421,1,2841,17134010,2002/02/01,,,,,2002/03/01,2002/02/08,0.000,28.000,284.000,1232.000,0.075,0.000,0.000,,,,,,,5.000,2.000,13.000,1.000,28.510,29.300,28.740,189100.000,-0.018563,,,39099.000,6.000,6.000,29.280,,-0.021117,-0.007,-0.007,-0.010,-0.010,-0.006
23393,2002/02/07,,11,1,2841,17134010,CHD,CHURCH & DWIGHT INC,,CHD,,N,A,R,1103,1421,1,2841,17134010,,,,,,,,,28.000,284.000,,,,,,,,,,,,,,,28.150,28.800,28.150,112300.000,-0.020529,,,39099.000,6.000,6.000,28.740,,-0.020529,-0.004,-0.004,-0.006,-0.006,-0.003
23393,2002/02/08,,11,1,2841,17134010,CHD,CHURCH & DWIGHT INC,,CHD,,N,A,R,1103,1421,1,2841,17134010,,,,,,,,,28.000,284.000,,,,,,,,,,,,,,,27.650,28.550,28.550,141600.000,0.014210,,,39099.000,6.000,6.000,28.150,,0.014210,0.016,0.016,0.012,0.012,0.015
23393,2002/02/11,,11,1,2841,17134010,CHD,CHURCH & DWIGHT INC,,CHD,,N,A,R,1103,1421,1,2841,17134010,,,,,,,,,28.000,284.000,,,,,,,,,,,,,,,28.800,29.980,29.900,165500.000,0.047285,29.880,29.910,39099.000,6.000,6.000,28.800,,0.047285,0.013,0.013,0.008,0.008,0.014
23393,2002/02/12,,11,1,2841,17134010,CHD,CHURCH & DWIGHT INC,,CHD,,N,A,R,1103,1421,1,2841,17134010,,,,,,,,,28.000,284.000,,,,,,,,,,,,,,,29.700,30.380,29.910,203100.000,0.000334,,,39099.000,6.000,6.000,29.900,,0.000334,-0.003,-0.003,-0.000,-0.000,-0.004
23393,2002/02/13,,11,1,2841,17134010,CHD,CHURCH & DWIGHT INC,,CHD,,N,A,R,1103,1421,1,2841,17134010,,,,,,,,,28.000,284.000,,,,,,,,,,,,,,,29.910,30.700,30.650,138300.000,0.024741,30.580,30.650,39099.000,6.000,6.000,29.910,,0.024741,0.010,0.009,0.006,0.006,0.010
23393,2002/02/14,,11,1,2841,17134010,CHD,CHURCH & DWIGHT INC,,CHD,,N,A,R,1103,1421,1,2841,17134010,,,,,,,,,28.000,284.000,,,,,,,,,,,,,,,30.670,31.100,31.000,184600.000,0.011419,,,39099.000,6.000,6.000,30.800,,0.011419,-0.002,-0.003,-0.005,-0.005,-0.002
23393,2002/02/15,,11,1,2841,17134010,CHD,CHURCH & DWIGHT INC,,CHD,,N,A,R,1103,1421,1,2841,17134010,,,,,,,,,28.000,284.000,,,,,,,,,,,,,,,30.700,31.220,30.880,97700.000,-0.003871,,,39099.000,6.000,6.000,31.010,,-0.003871,-0.010,-0.010,-0.004,-0.004,-0.011
23393,2002/02/19,,11,1,2841,17134010,CHD,CHURCH & DWIGHT INC,,CHD,,N,A,R,1103,1421,1,2841,17134010,,,,,,,,,28.000,284.000,,,,,,,,,,,,,,,30.280,30.700,30.350,122100.000,-0.017163,30.350,30.390,39099.000,6.000,6.000,30.650,,-0.017163,-0.019,-0.019,-0.015,-0.015,-0.019
23393,2002/02/20,,11,1,2841,17134010,CHD,CHURCH & DWIGHT INC,,CHD,,N,A,R,1103,1421,1,2841,17134010,,,,,,,,,28.000,284.000,,,,,,,,,,,,,,,30.250,31.590,31.530,151100.000,0.038880,,,39099.000,6.000,6.000,30.250,,0.038880,0.013,0.013,0.005,0.005,0.014
23393,2002/02/21,,11,1,2841,17134010,CHD,CHURCH & DWIGHT INC,,CHD,,N,A,R,1103,1421,1,2841,17134010,,,,,,,,,28.000,284.000,,,,,,,,,,,,,,,30.840,31.800,31.020,150900.000,-0.016175,,,39099.000,6.000,6.000,31.400,,-0.016175,-0.015,-0.015,-0.009,-0.009,-0.016
23393,2002/02/22,,11,1,2841,17134010,CHD,CHURCH & DWIGHT INC,,CHD,,N,A,R,1103,1421,1,2841,17134010,,,,,,,,,28.000,284.000,,,,,,,,,,,,,,,30.320,31.360,31.250,168600.000,0.007415,31.160,31.200,39099.000,6.000,6.000,31.030,,0.007415,0.007,0.007,0.004,0.004,0.008
23393,2002/02/25,,11,1,2841,17134010,CHD,CHURCH & DWIGHT INC,,CHD,,N,A,R,1103,1421,1,2841,17134010,,,,,,,,,28.000,284.000,,,,,,,,,,,,,,,30.990,31.350,31.100,113200.000,-0.004800,,,39099.000,6.000,6.000,31.150,,-0.004800,0.016,0.016,0.005,0.005,0.018
23393,2002/02/26,,11,1,2841,17134010,CHD,CHURCH & DWIGHT INC,,CHD,,N,A,R,1103,1421,1,2841,17134010,,,,,,,,,28.000,284.000,,,,,,,,,,,,,,,30.900,31.350,31.020,97000.000,-0.002572,,,39099.000,6.000,6.000,31.100,,-0.002572,0.001,0.001,0.003,0.003,-0.000
23393,2002/02/27,,11,1,2841,17134010,CHD,CHURCH & DWIGHT INC,,CHD,,N,A,R,1103,1421,1,2841,17134010,,,,,,,,,28.000,284.000,,,,,,,,,,,,,,,30.920,31.340,31.100,105500.000,0.002579,,,39099.000,6.000,6.000,31.200,,0.002579,0.001,0.001,0.003,0.003,0.000
23393,2002/02/28,,11,1,2841,17134010,CHD,CHURCH & DWIGHT INC,,CHD,,N,A,R,1103,1421,1,2841,17134010,,,,,,,,0.000,28.000,284.000,,,,,,,,,,,5.000,2.000,13.000,1.000,30.760,31.200,30.900,108100.000,-0.006431,30.900,30.920,39099.000,6.000,6.000,31.050,,-0.006431,-0.003,-0.003,-0.001,-0.001,-0.003
23393,2002/03/01,,11,1,2841,17134010,CHD,CHURCH & DWIGHT INC,,CHD,,N,A,R,1103,1421,1,2841,17134010,,,,,,,,,28.000,284.000,,,,,,,,,,,,,,,30.900,31.440,31.240,103500.000,0.011003,31.160,31.240,39099.000,6.000,6.000,30.910,,0.011003,0.022,0.022,0.012,0.012,0.023
23393,2002/03/04,,11,1,2841,17134010,CHD,CHURCH & DWIGHT INC,,CHD,,N,A,R,1103,1421,1,2841,17134010,,,,,,,,,28.000,284.000,,,,,,,,,,,,,,,30.700,31.300,30.960,103000.000,-0.008963,,,39099.000,6.000,6.000,31.200,,-0.008963,0.020,0.020,0.015,0.015,0.019
23393,2002/03/05,,11,1,2841,17134010,CHD,CHURCH & DWIGHT INC,,CHD,,N,A,R,1103,1421,1,2841,17134010,,,,,,,,,28.000,284.000,,,,,,,,,,,,,,,30.400,31.180,30.780,96700.000,-0.005814,,,39099.000,6.000,6.000,31.100,,-0.005814,-0.005,-0.005,0.003,0.003,-0.007
23393,2002/03/06,,11,1,2841,17134010,CHD,CHURCH & DWIGHT INC,,CHD,,N,A,R,1103,1421,1,2841,17134010,,,,,,,,,28.000,284.000,,,,,,,,,,,,,,,30.635,31.500,31.080,167000.000,0.009747,31.000,31.090,39099.000,6.000,6.000,30.780,,0.009747,0.014,0.014,0.013,0.012,0.015
23393,2002/03/07,,11,1,2841,17134010,CHD,CHURCH & DWIGHT INC,,CHD,,N,A,R,1103,1421,1,2841,17134010,,,,,,,,,28.000,284.000,,,,,,,,,,,,,,,30.460,31.050,30.600,145500.000,-0.015444,,,39099.000,6.000,6.000,31.000,,-0.015444,-0.004,-0.004,0.004,0.004,-0.004
23393,2002/03/08,,11,1,2841,17134010,CHD,CHURCH & DWIGHT INC,,CHD,,N,A,R,1103,1421,1,2841,17134010,,,,,,,,,28.000,284.000,,,,,,,,,,,,,,,30.440,30.950,30.720,116400.000,0.003922,,,39099.000,6.000,6.000,30.800,,0.003922,0.007,0.007,0.009,0.009,0.006
23393,2002/03/11,,11,1,2841,17134010,CHD,CHURCH & DWIGHT INC,,CHD,,N,A,R,1103,1421,1,2841,17134010,,,,,,,,,28.000,284.000,,,,,,,,,,,,,,,29.400,30.650,29.500,162600.000,-0.039714,,,39099.000,6.000,6.000,30.650,,-0.039714,0.003,0.003,0.005,0.005,0.003
23393,2002/03/12,,11,1,2841,17134010,CHD,CHURCH & DWIGHT INC,,CHD,,N,A,R,1103,1421,1,2841,17134010,,,,,,,,,28.000,284.000,,,,,,,,,,,,,,,29.300,29.650,29.560,146300.000,0.002034,29.550,29.560,39099.000,6.000,6.000,29.500,,0.002034,-0.003,-0.003,-0.003,-0.003,-0.002
23393,2002/03/13,,11,1,2841,17134010,CHD,CHURCH & DWIGHT INC,,CHD,,N,A,R,1103,1421,1,2841,17134010,,,,,,,,,28.000,284.000,,,,,,,,,,,,,,,28.050,29.500,28.450,277700.000,-0.037551,28.450,28.500,39099.000,6.000,6.000,29.460,,-0.037551,-0.009,-0.009,-0.003,-0.004,-0.010
23393,2002/03/14,,11,1,2841,17134010,CHD,CHURCH & DWIGHT INC,,CHD,,N,A,R,1103,1421,1,2841,17134010,,,,,,,,,28.000,284.000,,,,,,,,,,,,,,,28.460,29.250,29.140,132200.000,0.024253,29.090,29.140,39099.000,6.000,6.000,28.460,,0.024253,-0.000,-0.000,0.004,0.004,-0.001
23393,2002/03/15,,11,1,2841,17134010,CHD,CHURCH & DWIGHT INC,,CHD,,N,A,R,1103,1421,1,2841,17134010,,,,,,,,,28.000,284.000,,,,,,,,,,,,,,,28.900,30.250,30.010,198900.000,0.029856,,,39099.000,6.000,6.000,29.000,,0.029856,0.010,0.010,0.005,0.005,0.011
23393,2002/03/18,,11,1,2841,17134010,CHD,CHURCH & DWIGHT INC,,CHD,,N,A,R,1103,1421,1,2841,17134010,,,,,,,,,28.000,284.000,,,,,,,,,,,,,,,29.670,30.200,30.000,112600.000,-0.000333,,,39099.000,6.000,6.000,30.020,,-0.000333,0.001,0.001,0.005,0.005,-0.001
23393,2002/03/19,,11,1,2841,17134010,CHD,CHURCH & DWIGHT INC,,CHD,,N,A,R,1103,1421,1,2841,17134010,,,,,,,,,28.000,284.000,,,,,,,,,,,,,,,30.000,30.600,30.300,85400.000,0.010000,,,39099.000,6.000,6.000,30.000,,0.010000,0.003,0.003,0.003,0.003,0.004
23393,2002/03/20,,11,1,2841,17134010,CHD,CHURCH & DWIGHT INC,,CHD,,N,A,R,1103,1421,1,2841,17134010,,,,,,,,,28.000,284.000,,,,,,,,,,,,,,,29.230,30.000,29.250,113200.000,-0.034653,,,39099.000,6.000,6.000,30.000,,-0.034653,-0.014,-0.014,-0.006,-0.006,-0.016
23393,2002/03/21,,11,1,2841,17134010,CHD,CHURCH & DWIGHT INC,,CHD,,N,A,R,1103,1421,1,2841,17134010,,,,,,,,,28.000,284.000,,,,,,,,,,,,,,,28.900,29.330,29.240,125900.000,-0.000342,29.130,29.240,39099.000,6.000,6.000,29.150,,-0.000342,0.003,0.003,0.006,0.006,0.002
23393,2002/03/22,,11,1,2841,17134010,CHD,CHURCH & DWIGHT INC,,CHD,,N,A,R,1103,1421,1,2841,17134010,,,,,,,,,28.000,284.000,,,,,,,,,,,,,,,29.030,29.610,29.070,87400.000,-0.005814,,,39099.000,6.000,6.000,29.350,,-0.005814,-0.004,-0.004,-0.000,-0.000,-0.004
23393,2002/03/25,,11,1,2841,17134010,CHD,CHURCH & DWIGHT INC,,CHD,,N,A,R,1103,1421,1,2841,17134010,,,,,,,,,28.000,284.000,,,,,,,,,,,,,,,27.880,29.070,27.980,166100.000,-0.037496,27.970,27.980,39099.000,6.000,6.000,29.070,,-0.037496,-0.014,-0.014,-0.007,-0.007,-0.015
23393,2002/03/26,,11,1,2841,17134010,CHD,CHURCH & DWIGHT INC,,CHD,,N,A,R,1103,1421,1,2841,17134010,,,,,,,,,28.000,284.000,,,,,,,,,,,,,,,27.970,28.730,28.640,196800.000,0.023588,28.690,28.700,39099.000,6.000,6.000,27.980,,0.023588,0.006,0.006,0.005,0.004,0.006
23393,2002/03/27,,11,1,2841,17134010,CHD,CHURCH & DWIGHT INC,,CHD,,N,A,R,1103,1421,1,2841,17134010,,,,,,,,,28.000,284.000,,,,,,,,,,,,,,,28.850,29.700,29.410,127000.000,0.026885,29.400,29.440,39099.000,6.000,6.000,28.850,,0.026885,0.006,0.005,0.006,0.006,0.005
23393,2002/03/28,,11,1,2841,17134010,CHD,CHURCH & DWIGHT INC,,CHD,,N,A,R,1103,1421,1,2841,17134010,,,,,,,,0.000,28.000,284.000,,,,,,,,,,,5.000,2.000,13.000,1.000,29.420,29.950,29.460,122900.000,0.001700,,,39099.000,6.000,6.000,29.420,,0.001700,0.003,0.003,0.006,0.006,0.002
23393,2002/04/01,,11,1,2841,17134010,CHD,CHURCH & DWIGHT INC,,CHD,,N,A,R,1103,1421,1,2841,17134010,,,,,,,,,28.000,284.000,,,,,,,,,,,,,,,28.650,29.800,29.690,70800.000,0.007807,29.680,29.720,39099.000,6.000,6.000,29.460,,0.007807,-0.001,-0.001,-0.001,-0.001,-0.001
23393,2002/04/02,,11,1,2841,17134010,CHD,CHURCH & DWIGHT INC,,CHD,,N,A,R,1103,1421,1,2841,17134010,,,,,,,,,28.000,284.000,,,,,,,,,,,,,,,29.200,29.950,29.300,92800.000,-0.013136,,,39099.000,6.000,6.000,29.750,,-0.013136,-0.009,-0.009,-0.005,-0.005,-0.009
23393,2002/04/03,,11,1,2841,17134010,CHD,CHURCH & DWIGHT INC,,CHD,,N,A,R,1103,1421,1,2841,17134010,,,,,,,,,28.000,284.000,,,,,,,,,,,,,,,29.020,29.500,29.270,49000.000,-0.001024,29.160,29.420,39099.000,6.000,6.000,29.310,,-0.001024,-0.009,-0.010,-0.006,-0.006,-0.010
23393,2002/04/04,,11,1,2841,17134010,CHD,CHURCH & DWIGHT INC,,CHD,,N,A,R,1103,1421,1,2841,17134010,,,,,,,,,28.000,284.000,,,,,,,,,,,,,,,29.030,29.480,29.230,89400.000,-0.001367,29.230,29.350,39099.000,6.000,6.000,29.350,,-0.001367,0.001,0.001,0.001,0.001,0.001
23393,2002/04/05,,11,1,2841,17134010,CHD,CHURCH & DWIGHT INC,,CHD,,N,A,R,1103,1421,1,2841,17134010,,,,,,,,,28.000,284.000,,,,,,,,,,,,,,,29.230,29.700,29.700,44800.000,0.016079,29.610,29.730,39099.000,6.000,6.000,29.240,,0.016079,-0.003,-0.003,-0.000,-0.000,-0.003
23393,2002/04/08,,11,1,2841,17134010,CHD,CHURCH & DWIGHT INC,,CHD,,N,A,R,1103,1421,1,2841,17134010,,,,,,,,,28.000,284.000,,,,,,,,,,,,,,,29.600,30.570,30.560,104900.000,0.028956,30.440,30.660,39099.000,6.000,6.000,29.750,,0.028956,0.003,0.003,0.003,0.002,0.002
23393,2002/04/09,,11,1,2841,17134010,CHD,CHURCH & DWIGHT INC,,CHD,,N,A,R,1103,1421,1,2841,17134010,,,,,,,,,28.000,284.000,,,,,,,,,,,,,,,30.270,30.750,30.430,81100.000,-0.004254,30.320,30.600,39099.000,6.000,6.000,30.560,,-0.004254,-0.006,-0.006,-0.002,-0.002,-0.007
23393,2002/04/10,,11,1,2841,17134010,CHD,CHURCH & DWIGHT INC,,CHD,,N,A,R,1103,1421,1,2841,17134010,,,,,,,,,28.000,284.000,,,,,,,,,,,,,,,30.400,30.650,30.500,130900.000,0.002300,30.470,30.500,39099.000,6.000,6.000,30.440,,0.002300,0.011,0.011,0.009,0.008,0.011
23393,2002/04/11,,11,1,2841,17134010,CHD,CHURCH & DWIGHT INC,,CHD,,N,A,R,1103,1421,1,2841,17134010,,,,,,,,,28.000,284.000,,,,,,,,,,,,,,,30.290,30.630,30.500,276200.000,0.000000,30.350,30.560,39099.000,6.000,6.000,30.500,,0.000000,-0.021,-0.021,-0.010,-0.010,-0.024
23393,2002/04/12,,11,1,2841,17134010,CHD,CHURCH & DWIGHT INC,,CHD,,N,A,R,1103,1421,1,2841,17134010,,,,,,,,,28.000,284.000,,,,,,,,,,,,,,,30.500,31.420,31.380,123000.000,0.028852,31.350,31.370,39099.000,6.000,6.000,30.500,,0.028852,0.008,0.008,0.011,0.011,0.007
23393,2002/04/15,,11,1,2841,17134010,CHD,CHURCH & DWIGHT INC,,CHD,,N,A,R,1103,1421,1,2841,17134010,,,,,,,,,28.000,284.000,,,,,,,,,,,,,,,30.700,31.500,31.040,131500.000,-0.010835,30.920,31.110,39099.000,6.000,6.000,31.380,,-0.010835,-0.006,-0.006,-0.001,-0.001,-0.008
23393,2002/04/16,,11,1,2841,17134010,CHD,CHURCH & DWIGHT INC,,CHD,,N,A,R,1103,1421,1,2841,17134010,,,,,,,,,28.000,284.000,,,,,,,,,,,,,,,30.300,31.290,30.930,88600.000,-0.003544,30.780,31.030,39099.000,6.000,6.000,31.100,,-0.003544,0.022,0.022,0.016,0.016,0.023
23393,2002/04/17,,11,1,2841,17134010,CHD,CHURCH & DWIGHT INC,,CHD,,N,A,R,1103,1421,1,2841,17134010,,,,,,,,,28.000,284.000,,,,,,,,,,,,,,,30.650,31.390,30.700,84700.000,-0.007436,30.710,30.730,39099.000,6.000,6.000,30.850,,-0.007436,-0.002,-0.002,0.001,0.001,-0.002
23393,2002/04/18,,11,1,2841,17134010,CHD,CHURCH & DWIGHT INC,,CHD,,N,A,R,1103,1421,1,2841,17134010,,,,,,,,,28.000,284.000,,,,,,,,,,,,,,,29.750,30.650,29.830,78300.000,-0.028339,29.770,29.800,39099.000,6.000,6.000,30.550,,-0.028339,-0.002,-0.002,0.003,0.003,-0.001
23393,2002/04/19,,11,1,2841,17134010,CHD,CHURCH & DWIGHT INC,,CHD,,N,A,R,1103,1421,1,2841,17134010,,,,,,,,,28.000,284.000,,,,,,,,,,,,,,,29.950,30.290,30.040,29700.000,0.007040,29.940,30.170,39099.000,6.000,6.000,30.000,,0.007040,0.001,0.001,0.002,0.002,0.001
23393,2002/04/22,,11,1,2841,17134010,CHD,CHURCH & DWIGHT INC,,CHD,,N,A,R,1103,1421,1,2841,17134010,,,,,,,,,28.000,284.000,,,,,,,,,,,,,,,29.300,30.110,29.440,63500.000,-0.019973,29.330,29.600,39099.000,6.000,6.000,30.050,,-0.019973,-0.015,-0.015,-0.008,-0.008,-0.015
23393,2002/04/23,,11,1,2841,17134010,CHD,CHURCH & DWIGHT INC,,CHD,,N,A,R,1103,1421,1,2841,17134010,,,,,,,,,28.000,284.000,,,,,,,,,,,,,,,29.340,30.200,29.940,60200.000,0.016984,29.840,30.070,39099.000,6.000,6.000,29.440,,0.016984,-0.005,-0.005,-0.001,-0.001,-0.006
23393,2002/04/24,,11,1,2841,17134010,CHD,CHURCH & DWIGHT INC,,CHD,,N,A,R,1103,1421,1,2841,17134010,,,,,,,,,28.000,284.000,,,,,,,,,,,,,,,28.730,30.150,28.860,119100.000,-0.036072,28.760,28.970,39099.000,6.000,6.000,29.950,,-0.036072,-0.006,-0.006,-0.002,-0.002,-0.007
23393,2002/04/25,,11,1,2841,17134010,CHD,CHURCH & DWIGHT INC,,CHD,,N,A,R,1103,1421,1,2841,17134010,,,,,,,,,28.000,284.000,,,,,,,,,,,,,,,28.760,29.540,29.480,91600.000,0.021483,29.450,29.480,39099.000,6.000,6.000,28.760,,0.021483,-0.002,-0.002,-0.002,-0.002,-0.002
23393,2002/04/26,,11,1,2841,17134010,CHD,CHURCH & DWIGHT INC,,CHD,,N,A,R,1103,1421,1,2841,17134010,,,,,,,,,28.000,284.000,,,,,,,,,,,,,,,29.020,29.750,29.030,55800.000,-0.015265,29.030,29.040,39099.000,6.000,6.000,29.350,,-0.015265,-0.013,-0.014,-0.009,-0.009,-0.014
23393,2002/04/29,,11,1,2841,17134010,CHD,CHURCH & DWIGHT INC,,CHD,,N,A,R,1103,1421,1,2841,17134010,,,,,,,,,28.000,284.000,,,,,,,,,,,,,,,28.400,29.250,28.740,70500.000,-0.009990,28.720,28.730,39099.000,6.000,6.000,29.150,,-0.009990,-0.009,-0.009,-0.006,-0.006,-0.010
23393,2002/04/30,,11,1,2841,17134010,CHD,CHURCH & DWIGHT INC,,CHD,,N,A,R,1103,1421,1,2841,17134010,,,,,,,,0.000,28.000,284.000,,,,,,,,,,,5.000,2.000,13.000,1.000,28.050,29.240,28.600,178200.000,-0.004871,28.360,28.710,39101.000,6.000,6.000,28.710,,-0.004871,0.012,0.012,0.010,0.010,0.011
23393,2002/05/01,,11,1,2841,17134010,CHD,CHURCH & DWIGHT INC,,CHD,,N,A,R,1103,1421,1,2841,17134010,,,,,,,,,28.000,284.000,,,,,,,,,,,,,,,28.520,29.410,29.410,104900.000,0.028322,29.370,29.400,39101.000,6.000,6.000,28.600,,0.028322,0.008,0.007,0.001,0.001,0.009
23393,2002/05/02,,11,1,2841,17134010,CHD,CHURCH & DWIGHT INC,,CHD,,N,A,R,1103,1421,1,2841,17134010,,,,,,,,,28.000,284.000,,,,,,,,,,,,,,,29.000,29.640,29.520,124400.000,0.003740,29.520,29.560,39101.000,6.000,6.000,29.400,,0.003740,-0.002,-0.002,0.000,0.000,-0.002
23393,2002/05/03,,11,1,2841,17134010,CHD,CHURCH & DWIGHT INC,,CHD,,N,A,R,1103,1421,1,2841,17134010,,,,,,,,,28.000,284.000,,,,,,,,,,,,,,,29.100,29.950,29.540,70400.000,0.000678,29.430,29.640,39101.000,6.000,6.000,29.600,,0.000678,-0.009,-0.009,-0.002,-0.002,-0.010
23393,2002/05/06,,11,1,2841,17134010,CHD,CHURCH & DWIGHT INC,,CHD,,N,A,R,1103,1421,1,2841,17134010,,,,,,,,,28.000,284.000,,,,,,,,,,,,,,,31.150,33.000,31.590,558100.000,0.069397,31.510,31.560,39101.000,6.000,6.000,31.500,,0.069397,-0.018,-0.018,-0.011,-0.011,-0.019
23393,2002/05/07,,11,1,2841,17134010,CHD,CHURCH & DWIGHT INC,,CHD,,N,A,R,1103,1421,1,2841,17134010,,,,,,,,,28.000,284.000,,,,,,,,,,,,,,,32.000,35.250,34.530,724800.000,0.093067,34.430,34.640,39101.000,6.000,6.000,32.000,,0.093067,-0.004,-0.004,-0.006,-0.006,-0.003
23393,2002/05/08,,11,1,2841,17134010,CHD,CHURCH & DWIGHT INC,,CHD,,N,A,R,1103,1421,1,2841,17134010,2002/05/01,,,,,2002/06/03,2002/05/10,0.000,28.000,284.000,1232.000,0.075,0.000,0.000,,,,,,,5.000,2.000,13.000,1.000,34.000,36.500,34.350,540100.000,-0.003041,34.210,34.550,39101.000,6.000,6.000,35.050,,-0.005213,0.034,0.034,0.019,0.019,0.038
23393,2002/05/09,,11,1,2841,17134010,CHD,CHURCH & DWIGHT INC,,CHD,,N,A,R,1103,1421,1,2841,17134010,,,,,,,,,28.000,284.000,,,,,,,,,,,,,,,33.700,35.000,34.560,164300.000,0.006114,34.460,34.730,39101.000,6.000,6.000,34.150,,0.006114,-0.014,-0.014,-0.008,-0.008,-0.015
23393,2002/05/10,,11,1,2841,17134010,CHD,CHURCH & DWIGHT INC,,CHD,,N,A,R,1103,1421,1,2841,17134010,,,,,,,,,28.000,284.000,,,,,,,,,,,,,,,32.720,34.930,32.970,370600.000,-0.046007,32.760,32.880,39101.000,6.000,6.000,34.700,,-0.046007,-0.015,-0.015,-0.008,-0.008,-0.017
23393,2002/05/13,,11,1,2841,17134010,CHD,CHURCH & DWIGHT INC,,CHD,,N,A,R,1103,1421,1,2841,17134010,,,,,,,,,28.000,284.000,,,,,,,,,,,,,,,32.400,34.250,34.230,187200.000,0.038217,34.090,34.250,39101.000,6.000,6.000,32.970,,0.038217,0.017,0.017,0.007,0.007,0.019
23393,2002/05/14,,11,1,2841,17134010,CHD,CHURCH & DWIGHT INC,,CHD,,N,A,R,1103,1421,1,2841,17134010,,,,,,,,,28.000,284.000,,,,,,,,,,,,,,,34.360,34.950,34.750,153400.000,0.015191,34.540,34.850,39101.000,6.000,6.000,34.400,,0.015191,0.021,0.021,0.015,0.015,0.021
23393,2002/05/15,,11,1,2841,17134010,CHD,CHURCH & DWIGHT INC,,CHD,,N,A,R,1103,1421,1,2841,17134010,,,,,,,,,28.000,284.000,,,,,,,,,,,,,,,34.040,34.750,34.270,137500.000,-0.013813,34.260,34.280,39101.000,6.000,6.000,34.750,,-0.013813,-0.003,-0.004,0.001,0.001,-0.006
23393,2002/05/16,,11,1,2841,17134010,CHD,CHURCH & DWIGHT INC,,CHD,,N,A,R,1103,1421,1,2841,17134010,,,,,,,,,28.000,284.000,,,,,,,,,,,,,,,34.160,34.400,34.210,119800.000,-0.001751,34.190,34.210,39101.000,6.000,6.000,34.270,,-0.001751,0.004,0.003,-0.001,-0.001,0.007
23393,2002/05/17,,11,1,2841,17134010,CHD,CHURCH & DWIGHT INC,,CHD,,N,A,R,1103,1421,1,2841,17134010,,,,,,,,,28.000,284.000,,,,,,,,,,,,,,,33.750,34.610,34.590,144500.000,0.011108,34.570,34.610,39101.000,6.000,6.000,34.150,,0.011108,0.007,0.007,0.004,0.004,0.008
23393,2002/05/20,,11,1,2841,17134010,CHD,CHURCH & DWIGHT INC,,CHD,,N,A,R,1103,1421,1,2841,17134010,,,,,,,,,28.000,284.000,,,,,,,,,,,,,,,34.270,34.700,34.450,90700.000,-0.004047,34.420,34.480,39101.000,6.000,6.000,34.500,,-0.004047,-0.012,-0.012,-0.006,-0.006,-0.013
23393,2002/05/21,,11,1,2841,17134010,CHD,CHURCH & DWIGHT INC,,CHD,,N,A,R,1103,1421,1,2841,17134010,,,,,,,,,28.000,284.000,,,,,,,,,,,,,,,34.390,34.900,34.820,188700.000,0.010740,34.650,34.670,39101.000,6.000,6.000,34.400,,0.010740,-0.011,-0.011,-0.009,-0.009,-0.011
23393,2002/05/22,,11,1,2841,17134010,CHD,CHURCH & DWIGHT INC,,CHD,,N,A,R,1103,1421,1,2841,17134010,,,,,,,,,28.000,284.000,,,,,,,,,,,,,,,34.300,34.840,34.330,185000.000,-0.014072,34.310,34.360,39101.000,6.000,6.000,34.400,,-0.014072,0.004,0.004,-0.002,-0.002,0.006
23393,2002/05/23,,11,1,2841,17134010,CHD,CHURCH & DWIGHT INC,,CHD,,N,A,R,1103,1421,1,2841,17134010,,,,,,,,,28.000,284.000,,,,,,,,,,,,,,,33.850,34.890,34.800,99600.000,0.013691,34.720,34.890,39101.000,6.000,6.000,34.480,,0.013691,0.010,0.010,0.007,0.007,0.010
23393,2002/05/24,,11,1,2841,17134010,CHD,CHURCH & DWIGHT INC,,CHD,,N,A,R,1103,1421,1,2841,17134010,,,,,,,,,28.000,284.000,,,,,,,,,,,,,,,34.300,34.930,34.360,81400.000,-0.012644,34.280,34.620,39101.000,6.000,6.000,34.650,,-0.012644,-0.011,-0.011,-0.005,-0.005,-0.012
23393,2002/05/28,,11,1,2841,17134010,CHD,CHURCH & DWIGHT INC,,CHD,,N,A,R,1103,1421,1,2841,17134010,,,,,,,,,28.000,284.000,,,,,,,,,,,,,,,33.800,34.610,33.950,84100.000,-0.011932,33.850,34.090,39101.000,6.000,6.000,34.610,,-0.011932,-0.007,-0.007,-0.002,-0.002,-0.009
23393,2002/05/29,,11,1,2841,17134010,CHD,CHURCH & DWIGHT INC,,CHD,,N,A,R,1103,1421,1,2841,17134010,,,,,,,,,28.000,284.000,,,,,,,,,,,,,,,33.800,34.240,34.010,103400.000,0.001767,33.920,34.000,39101.000,6.000,6.000,33.950,,0.001767,-0.007,-0.007,-0.006,-0.006,-0.006
23393,2002/05/30,,11,1,2841,17134010,CHD,CHURCH & DWIGHT INC,,CHD,,N,A,R,1103,1421,1,2841,17134010,,,,,,,,,28.000,284.000,,,,,,,,,,,,,,,33.780,34.460,34.400,87000.000,0.011467,34.290,34.580,39101.000,6.000,6.000,33.800,,0.011467,-0.002,-0.002,-0.001,-0.001,-0.003
23393,2002/05/31,,11,1,2841,17134010,CHD,CHURCH & DWIGHT INC,,CHD,,N,A,R,1103,1421,1,2841,17134010,,,,,,,,0.000,28.000,284.000,,,,,,,,,,,5.000,2.000,13.000,1.000,34.300,34.990,34.770,125200.000,0.010756,34.550,34.820,39443.000,6.000,6.000,34.600,,0.010756,0.002,0.002,0.003,0.003,0.002
23393,2002/06/03,,11,1,2841,17134010,CHD,CHURCH & DWIGHT INC,,CHD,,N,A,R,1103,1421,1,2841,17134010,,,,,,,,,28.000,284.000,,,,,,,,,,,,,,,34.600,35.400,34.790,172000.000,0.000575,34.690,34.900,39443.000,6.000,6.000,34.780,,0.000575,-0.024,-0.024,-0.018,-0.018,-0.025
23393,2002/06/04,,11,1,2841,17134010,CHD,CHURCH & DWIGHT INC,,CHD,,N,A,R,1103,1421,1,2841,17134010,,,,,,,,,28.000,284.000,,,,,,,,,,,,,,,33.670,34.940,34.050,196300.000,-0.021271,33.990,34.050,39443.000,6.000,6.000,34.790,,-0.021271,-0.001,-0.001,-0.004,-0.004,0.000
23393,2002/06/05,,11,1,2841,17134010,CHD,CHURCH & DWIGHT INC,,CHD,,N,A,R,1103,1421,1,2841,17134010,,,,,,,,,28.000,284.000,,,,,,,,,,,,,,,33.650,34.100,33.870,306800.000,-0.005286,33.870,33.920,39443.000,6.000,6.000,34.050,,-0.005286,0.008,0.007,0.000,0.000,0.009
23393,2002/06/06,,11,1,2841,17134010,CHD,CHURCH & DWIGHT INC,,CHD,,N,A,R,1103,1421,1,2841,17134010,,,,,,,,,28.000,284.000,,,,,,,,,,,,,,,32.830,33.900,32.850,187600.000,-0.030115,32.800,33.000,39443.000,6.000,6.000,33.900,,-0.030115,-0.018,-0.018,-0.015,-0.015,-0.020
23393,2002/06/07,,11,1,2841,17134010,CHD,CHURCH & DWIGHT INC,,CHD,,N,A,R,1103,1421,1,2841,17134010,,,,,,,,,28.000,284.000,,,,,,,,,,,,,,,32.900,33.690,33.550,145500.000,0.021309,33.510,33.530,39443.000,6.000,6.000,32.900,,0.021309,-0.000,-0.000,0.002,0.002,-0.002
23393,2002/06/10,,11,1,2841,17134010,CHD,CHURCH & DWIGHT INC,,CHD,,N,A,R,1103,1421,1,2841,17134010,,,,,,,,,28.000,284.000,,,,,,,,,,,,,,,32.900,33.550,33.230,152200.000,-0.009538,33.230,33.280,39443.000,6.000,6.000,33.550,,-0.009538,0.002,0.002,-0.003,-0.003,0.003
23393,2002/06/11,,11,1,2841,17134010,CHD,CHURCH & DWIGHT INC,,CHD,,N,A,R,1103,1421,1,2841,17134010,,,,,,,,,28.000,284.000,,,,,,,,,,,,,,,33.100,33.480,33.100,110500.000,-0.003912,33.120,33.130,39443.000,6.000,6.000,33.250,,-0.003912,-0.016,-0.016,-0.009,-0.009,-0.017
23393,2002/06/12,,11,1,2841,17134010,CHD,CHURCH & DWIGHT INC,,CHD,,N,A,R,1103,1421,1,2841,17134010,,,,,,,,,28.000,284.000,,,,,,,,,,,,,,,32.860,33.500,33.280,108600.000,0.005438,33.250,33.280,39443.000,6.000,6.000,33.250,,0.005438,0.005,0.004,-0.004,-0.005,0.007
23393,2002/06/13,,11,1,2841,17134010,CHD,CHURCH & DWIGHT INC,,CHD,,N,A,R,1103,1421,1,2841,17134010,,,,,,,,,28.000,284.000,,,,,,,,,,,,,,,33.050,33.700,33.120,90000.000,-0.004808,32.950,33.190,39443.000,6.000,6.000,33.150,,-0.004808,-0.010,-0.010,-0.007,-0.007,-0.010
23393,2002/06/14,,11,1,2841,17134010,CHD,CHURCH & DWIGHT INC,,CHD,,N,A,R,1103,1421,1,2841,17134010,,,,,,,,,28.000,284.000,,,,,,,,,,,,,,,32.330,33.120,32.900,89800.000,-0.006642,32.900,32.930,39443.000,6.000,6.000,33.050,,-0.006642,-0.001,-0.001,0.000,0.000,-0.002
23393,2002/06/17,,11,1,2841,17134010,CHD,CHURCH & DWIGHT INC,,CHD,,N,A,R,1103,1421,1,2841,17134010,,,,,,,,,28.000,284.000,,,,,,,,,,,,,,,33.000,34.120,34.110,100000.000,0.036778,33.970,34.210,39443.000,6.000,6.000,33.000,,0.036778,0.027,0.027,0.015,0.015,0.029
23393,2002/06/18,,11,1,2841,17134010,CHD,CHURCH & DWIGHT INC,,CHD,,N,A,R,1103,1421,1,2841,17134010,,,,,,,,,28.000,284.000,,,,,,,,,,,,,,,33.810,34.210,33.920,133100.000,-0.005570,33.810,34.040,39443.000,6.000,6.000,34.050,,-0.005570,0.000,0.000,-0.000,-0.001,0.001
23393,2002/06/19,,11,1,2841,17134010,CHD,CHURCH & DWIGHT INC,,CHD,,N,A,R,1103,1421,1,2841,17134010,,,,,,,,,28.000,284.000,,,,,,,,,,,,,,,33.850,34.300,34.100,173900.000,0.005307,33.970,34.230,39443.000,6.000,6.000,33.850,,0.005307,-0.016,-0.016,-0.014,-0.015,-0.017
23393,2002/06/20,,11,1,2841,17134010,CHD,CHURCH & DWIGHT INC,,CHD,,N,A,R,1103,1421,1,2841,17134010,,,,,,,,,28.000,284.000,,,,,,,,,,,,,,,34.100,35.200,34.570,197800.000,0.013783,34.450,34.670,39443.000,6.000,6.000,34.110,,0.013783,-0.013,-0.013,-0.004,-0.004,-0.013
23393,2002/06/21,,11,1,2841,17134010,CHD,CHURCH & DWIGHT INC,,CHD,,N,A,R,1103,1421,1,2841,17134010,,,,,,,,,28.000,284.000,,,,,,,,,,,,,,,33.200,34.610,34.010,188600.000,-0.016199,33.950,34.160,39443.000,6.000,6.000,34.400,,-0.016199,-0.014,-0.014,-0.002,-0.002,-0.017
23393,2002/06/24,,11,1,2841,17134010,CHD,CHURCH & DWIGHT INC,,CHD,,N,A,R,1103,1421,1,2841,17134010,,,,,,,,,28.000,284.000,,,,,,,,,,,,,,,32.560,34.100,32.670,154300.000,-0.039400,32.560,32.840,39443.000,6.000,6.000,34.010,,-0.039400,0.001,0.001,-0.005,-0.005,0.004
23393,2002/06/25,,11,1,2841,17134010,CHD,CHURCH & DWIGHT INC,,CHD,,N,A,R,1103,1421,1,2841,17134010,,,,,,,,,28.000,284.000,,,,,,,,,,,,,,,31.860,33.210,32.070,192200.000,-0.018365,32.010,32.070,39443.000,6.000,6.000,32.720,,-0.018365,-0.015,-0.015,-0.008,-0.008,-0.017
23393,2002/06/26,,11,1,2841,17134010,CHD,CHURCH & DWIGHT INC,,CHD,,N,A,R,1103,1421,1,2841,17134010,,,,,,,,,28.000,284.000,,,,,,,,,,,,,,,31.280,32.450,32.350,165700.000,0.008731,32.250,32.530,39443.000,6.000,6.000,31.950,,0.008731,-0.003,-0.004,-0.008,-0.009,-0.003
23393,2002/06/27,,11,1,2841,17134010,CHD,CHURCH & DWIGHT INC,,CHD,,N,A,R,1103,1421,1,2841,17134010,,,,,,,,,28.000,284.000,,,,,,,,,,,,,,,31.510,33.010,31.800,269200.000,-0.017002,31.700,32.100,39443.000,6.000,6.000,32.350,,-0.017002,0.016,0.016,0.012,0.011,0.018
23393,2002/06/28,,11,1,2841,17134010,CHD,CHURCH & DWIGHT INC,,CHD,,N,A,R,1103,1421,1,2841,17134010,,,,,,,,0.000,28.000,284.000,,,,,,,,,,,5.000,2.000,13.000,1.000,31.200,32.820,31.330,751600.000,-0.014780,31.410,31.650,39443.000,6.000,6.000,31.800,,-0.014780,0.002,0.002,0.012,0.012,-0.001
23393,2002/07/01,,11,1,2841,17134010,CHD,CHURCH & DWIGHT INC,,CHD,,N,A,R,1103,1421,1,2841,17134010,,,,,,,,,28.000,284.000,,,,,,,,,,,,,,,31.580,32.580,31.790,192900.000,0.014682,31.760,31.770,39443.000,6.000,6.000,31.680,,0.014682,-0.022,-0.022,-0.019,-0.019,-0.021
23393,2002/07/02,,11,1,2841,17134010,CHD,CHURCH & DWIGHT INC,,CHD,,N,A,R,1103,1421,1,2841,17134010,,,,,,,,,28.000,284.000,,,,,,,,,,,,,,,31.100,32.020,31.180,249600.000,-0.019188,31.170,31.180,39443.000,6.000,6.000,31.380,,-0.019188,-0.022,-0.023,-0.023,-0.023,-0.021
23393,2002/07/03,,11,1,2841,17134010,CHD,CHURCH & DWIGHT INC,,CHD,,N,A,R,1103,1421,1,2841,17134010,,,,,,,,,28.000,284.000,,,,,,,,,,,,,,,31.010,31.700,31.210,221800.000,0.000962,31.210,31.230,39443.000,6.000,6.000,31.310,,0.000962,0.004,0.004,-0.005,-0.005,0.006
23393,2002/07/05,,11,1,2841,17134010,CHD,CHURCH & DWIGHT INC,,CHD,,N,A,R,1103,1421,1,2841,17134010,,,,,,,,,28.000,284.000,,,,,,,,,,,,,,,31.460,32.560,32.190,98200.000,0.031400,32.080,32.350,39443.000,6.000,6.000,31.460,,0.031400,0.034,0.034,0.022,0.022,0.037
23393,2002/07/08,,11,1,2841,17134010,CHD,CHURCH & DWIGHT INC,,CHD,,N,A,R,1103,1421,1,2841,17134010,,,,,,,,,28.000,284.000,,,,,,,,,,,,,,,31.840,32.420,32.010,163400.000,-0.005592,32.010,32.030,39443.000,6.000,6.000,31.960,,-0.005592,-0.011,-0.012,-0.008,-0.008,-0.012
23393,2002/07/09,,11,1,2841,17134010,CHD,CHURCH & DWIGHT INC,,CHD,,N,A,R,1103,1421,1,2841,17134010,,,,,,,,,28.000,284.000,,,,,,,,,,,,,,,31.110,32.460,31.110,178800.000,-0.028116,31.000,31.260,39443.000,6.000,6.000,32.020,,-0.028116,-0.022,-0.022,-0.007,-0.007,-0.025
23393,2002/07/10,,11,1,2841,17134010,CHD,CHURCH & DWIGHT INC,,CHD,,N,A,R,1103,1421,1,2841,17134010,,,,,,,,,28.000,284.000,,,,,,,,,,,,,,,31.000,31.360,31.040,193600.000,-0.002250,31.040,31.080,39443.000,6.000,6.000,31.170,,-0.002250,-0.030,-0.030,-0.016,-0.016,-0.034
23393,2002/07/11,,11,1,2841,17134010,CHD,CHURCH & DWIGHT INC,,CHD,,N,A,R,1103,1421,1,2841,17134010,,,,,,,,,28.000,284.000,,,,,,,,,,,,,,,31.020,31.800,31.410,225500.000,0.011920,31.300,31.560,39443.000,6.000,6.000,31.050,,0.011920,0.005,0.005,-0.004,-0.004,0.007
23393,2002/07/12,,11,1,2841,17134010,CHD,CHURCH & DWIGHT INC,,CHD,,N,A,R,1103,1421,1,2841,17134010,,,,,,,,,28.000,284.000,,,,,,,,,,,,,,,29.900,31.750,30.000,163600.000,-0.044890,30.000,30.010,39443.000,6.000,6.000,31.420,,-0.044890,-0.006,-0.006,-0.002,-0.002,-0.006
23393,2002/07/15,,11,1,2841,17134010,CHD,CHURCH & DWIGHT INC,,CHD,,N,A,R,1103,1421,1,2841,17134010,,,,,,,,,28.000,284.000,,,,,,,,,,,,,,,28.690,29.900,29.800,152400.000,-0.006667,29.750,29.790,39443.000,6.000,6.000,29.900,,-0.006667,-0.005,-0.005,-0.010,-0.010,-0.004
23393,2002/07/16,,11,1,2841,17134010,CHD,CHURCH & DWIGHT INC,,CHD,,N,A,R,1103,1421,1,2841,17134010,,,,,,,,,28.000,284.000,,,,,,,,,,,,,,,29.090,30.000,29.230,106100.000,-0.019128,29.100,29.330,39443.000,6.000,6.000,29.600,,-0.019128,-0.014,-0.014,-0.000,-0.000,-0.018
23393,2002/07/17,,11,1,2841,17134010,CHD,CHURCH & DWIGHT INC,,CHD,,N,A,R,1103,1421,1,2841,17134010,,,,,,,,,28.000,284.000,,,,,,,,,,,,,,,28.720,29.800,28.830,217500.000,-0.013685,28.730,28.950,39443.000,6.000,6.000,29.480,,-0.013685,0.006,0.006,0.005,0.005,0.006
23393,2002/07/18,,11,1,2841,17134010,CHD,CHURCH & DWIGHT INC,,CHD,,N,A,R,1103,1421,1,2841,17134010,,,,,,,,,28.000,284.000,,,,,,,,,,,,,,,28.570,29.600,28.690,151300.000,-0.004856,28.450,28.790,39443.000,6.000,6.000,28.830,,-0.004856,-0.025,-0.025,-0.014,-0.014,-0.027
23393,2002/07/19,,11,1,2841,17134010,CHD,CHURCH & DWIGHT INC,,CHD,,N,A,R,1103,1421,1,2841,17134010,,,,,,,,,28.000,284.000,,,,,,,,,,,,,,,26.430,28.610,26.610,340700.000,-0.072499,26.580,26.610,39443.000,6.000,6.000,28.580,,-0.072499,-0.033,-0.033,-0.019,-0.019,-0.038
23393,2002/07/22,,11,1,2841,17134010,CHD,CHURCH & DWIGHT INC,,CHD,,N,A,R,1103,1421,1,2841,17134010,,,,,,,,,28.000,284.000,,,,,,,,,,,,,,,26.580,27.810,26.860,232500.000,0.009395,26.860,26.890,39443.000,6.000,6.000,26.590,,0.009395,-0.032,-0.032,-0.021,-0.021,-0.033
23393,2002/07/23,,11,1,2841,17134010,CHD,CHURCH & DWIGHT INC,,CHD,,N,A,R,1103,1421,1,2841,17134010,,,,,,,,,28.000,284.000,,,,,,,,,,,,,,,26.870,27.710,27.320,213100.000,0.017126,27.300,27.320,39443.000,6.000,6.000,26.870,,0.017126,-0.030,-0.030,-0.031,-0.031,-0.027
23393,2002/07/24,,11,1,2841,17134010,CHD,CHURCH & DWIGHT INC,,CHD,,N,A,R,1103,1421,1,2841,17134010,,,,,,,,,28.000,284.000,,,,,,,,,,,,,,,26.550,27.710,27.300,259300.000,-0.000732,27.270,27.300,39443.000,6.000,6.000,27.310,,-0.000732,0.052,0.052,0.018,0.018,0.057
23393,2002/07/25,,11,1,2841,17134010,CHD,CHURCH & DWIGHT INC,,CHD,,N,A,R,1103,1421,1,2841,17134010,,,,,,,,,28.000,284.000,,,,,,,,,,,,,,,27.200,28.600,28.130,290500.000,0.030403,28.140,28.150,39443.000,6.000,6.000,27.300,,0.030403,-0.006,-0.006,-0.003,-0.003,-0.006
23393,2002/07/26,,11,1,2841,17134010,CHD,CHURCH & DWIGHT INC,,CHD,,N,A,R,1103,1421,1,2841,17134010,,,,,,,,,28.000,284.000,,,,,,,,,,,,,,,27.480,28.350,27.480,148000.000,-0.023107,27.440,27.650,39443.000,6.000,6.000,28.200,,-0.023107,0.015,0.015,0.007,0.007,0.017
23393,2002/07/29,,11,1,2841,17134010,CHD,CHURCH & DWIGHT INC,,CHD,,N,A,R,1103,1421,1,2841,17134010,,,,,,,,,28.000,284.000,,,,,,,,,,,,,,,27.730,29.230,29.090,122700.000,0.058588,,,39443.000,6.000,6.000,27.730,,0.058588,0.053,0.053,0.035,0.035,0.054
23393,2002/07/30,,11,1,2841,17134010,CHD,CHURCH & DWIGHT INC,,CHD,,N,A,R,1103,1421,1,2841,17134010,,,,,,,,,28.000,284.000,,,,,,,,,,,,,,,27.940,28.840,28.450,183000.000,-0.022001,28.450,28.460,39443.000,6.000,6.000,28.840,,-0.022001,0.005,0.005,0.005,0.005,0.004
23393,2002/07/31,,11,1,2841,17134010,CHD,CHURCH & DWIGHT INC,,CHD,,N,A,R,1103,1421,1,2841,17134010,,,,,,,,0.000,28.000,284.000,,,,,,,,,,,5.000,2.000,13.000,1.000,28.000,28.800,28.030,86900.000,-0.014763,27.970,28.190,39443.000,6.000,6.000,28.220,,-0.014763,0.006,0.005,-0.004,-0.004,0.010
23393,2002/08/01,,11,1,2841,17134010,CHD,CHURCH & DWIGHT INC,,CHD,,N,A,R,1103,1421,1,2841,17134010,,,,,,,,,28.000,284.000,,,,,,,,,,,,,,,28.030,29.500,29.050,179000.000,0.036390,29.040,29.110,39443.000,6.000,6.000,28.030,,0.036390,-0.026,-0.026,-0.009,-0.009,-0.030
23393,2002/08/02,,11,1,2841,17134010,CHD,CHURCH & DWIGHT INC,,CHD,,N,A,R,1103,1421,1,2841,17134010,,,,,,,,,28.000,284.000,,,,,,,,,,,,,,,28.670,30.390,28.770,223700.000,-0.009639,28.650,28.870,39443.000,6.000,6.000,28.840,,-0.009639,-0.023,-0.023,-0.018,-0.018,-0.023
