PERMNO,date,NAMEENDT,SHRCD,EXCHCD,SICCD,NCUSIP,TICKER,COMNAM,SHRCLS,TSYMBOL,NAICS,PRIMEXCH,TRDSTAT,SECSTAT,PERMCO,ISSUNO,HEXCD,HSICCD,CUSIP,DCLRDT,DLAMT,DLPDT,DLSTCD,NEXTDT,PAYDT,RCRDDT,SHRFLG,HSICMG,HSICIG,DISTCD,DIVAMT,FACPR,FACSHR,ACPERM,ACCOMP,NWPERM,DLRETX,DLPRC,DLRET,TRTSCD,NMSIND,MMCNT,NSDINX,BIDLO,ASKHI,PRC,VOL,RET,BID,ASK,SHROUT,CFACPR,CFACSHR,OPENPRC,NUMTRD,RETX,vwretd,vwretx,ewretd,ewretx,sprtrn
64186,2001/01/02,,11,1,6331,12550910,CI,C I G N A CORP,,,,N,A,R,20357,0,1,6324,12552310,,,,,,,,,,,,,,,,,,,,,,,,,127.850,134.950,128.410,622600.000,-0.029403,128.000,128.800,153502.000,3.000,3.000,133.300,,-0.029403,-0.034,-0.034,-0.001,-0.001,-0.028
64186,2001/01/03,,11,1,6331,12550910,CI,C I G N A CORP,,,,N,A,R,20357,0,1,6324,12552310,,,,,,,,,,,,,,,,,,,,,,,,,127.250,130.860,128.500,960800.000,0.000701,128.100,128.900,153502.000,3.000,3.000,128.100,,0.000701,0.053,0.053,0.046,0.046,0.050
64186,2001/01/04,,11,1,6331,12550910,CI,C I G N A CORP,,,,N,A,R,20357,0,1,6324,12552310,,,,,,,,,,,,,,,,,,,,,,,,,113.000,127.000,114.000,1715600.000,-0.112840,113.500,114.500,153502.000,3.000,3.000,127.000,,-0.112840,-0.012,-0.012,0.011,0.011,-0.011
64186,2001/01/05,,11,1,6331,12550910,CI,C I G N A CORP,,,,N,A,R,20357,0,1,6324,12552310,,,,,,,,,,,,,,,,,,,,,,,,,112.750,120.100,115.000,1448800.000,0.008772,114.600,115.400,153502.000,3.000,3.000,114.900,,0.008772,-0.029,-0.029,-0.009,-0.009,-0.026
64186,2001/01/08,,11,1,6331,12550910,CI,C I G N A CORP,,,,N,A,R,20357,0,1,6324,12552310,,,,,,,,,,,,,,,,,,,,,,,,,115.470,120.200,118.950,641700.000,0.034348,118.450,119.450,153502.000,3.000,3.000,117.500,,0.034348,-0.003,-0.004,-0.005,-0.005,-0.002
64186,2001/01/09,,11,1,6331,12550910,CI,C I G N A CORP,,,,N,A,R,20357,0,1,6324,12552310,,,,,,,,,,,,,,,,,,,,,,,,,118.600,120.300,119.800,888800.000,0.007146,119.400,120.160,153502.000,3.000,3.000,119.000,,0.007146,0.005,0.005,0.012,0.012,0.004
64186,2001/01/10,,11,1,6331,12550910,CI,C I G N A CORP,,,,N,A,R,20357,0,1,6324,12552310,,,,,,,,,,,,,,,,,,,,,,,,,119.800,124.150,122.750,1055700.000,0.024624,122.250,123.250,153502.000,3.000,3.000,119.800,,0.024624,0.014,0.014,0.021,0.020,0.010
64186,2001/01/11,,11,1,6331,12550910,CI,C I G N A CORP,,,,N,A,R,20357,0,1,6324,12552310,,,,,,,,,,,,,,,,,,,,,,,,,114.750,122.650,116.390,616300.000,-0.051813,116.000,116.890,153502.000,3.000,3.000,122.250,,-0.051813,0.015,0.015,0.027,0.027,0.010
64186,2001/01/12,,11,1,6331,12550910,CI,C I G N A CORP,,,,N,A,R,20357,0,1,6324,12552310,,,,,,,,,,,,,,,,,,,,,,,,,111.800,116.350,115.200,889500.000,-0.010224,114.800,115.570,153502.000,3.000,3.000,116.350,,-0.010224,-0.004,-0.004,0.019,0.019,-0.006
64186,2001/01/16,,11,1,6331,12550910,CI,C I G N A CORP,,,,N,A,R,20357,0,1,6324,12552310,,,,,,,,,,,,,,,,,,,,,,,,,113.550,117.400,115.250,1207900.000,0.000434,114.750,115.750,153502.000,3.000,3.000,114.000,,0.000434,0.006,0.006,0.019,0.019,0.006
64186,2001/01/17,,11,1,6331,12550910,CI,C I G N A CORP,,,,N,A,R,20357,0,1,6324,12552310,,,,,,,,,,,,,,,,,,,,,,,,,113.750,115.250,114.140,925000.000,-0.009631,113.640,114.640,153502.000,3.000,3.000,115.250,,-0.009631,0.004,0.004,0.013,0.013,0.002
64186,2001/01/18,,11,1,6331,12550910,CI,C I G N A CORP,,,,N,A,R,20357,0,1,6324,12552310,,,,,,,,,,,,,,,,,,,,,,,,,113.850,115.460,114.270,823400.000,0.001139,113.800,114.770,153502.000,3.000,3.000,114.140,,0.001139,0.012,0.012,0.009,0.008,0.014
64186,2001/01/19,,11,1,6331,12550910,CI,C I G N A CORP,,,,N,A,R,20357,0,1,6324,12552310,,,,,,,,,,,,,,,,,,,,,,,,,107.750,115.000,109.500,1631300.000,-0.041743,109.000,110.000,153502.000,3.000,3.000,114.280,,-0.041743,-0.004,-0.004,0.004,0.004,-0.004
64186,2001/01/22,,11,1,6331,12550910,CI,C I G N A CORP,,,,N,A,R,20357,0,1,6324,12552310,,,,,,,,,,,,,,,,,,,,,,,,,109.750,116.750,114.580,825400.000,0.046393,114.080,115.000,153502.000,3.000,3.000,109.750,,0.046393,0.000,0.000,0.005,0.005,0.000
64186,2001/01/23,,11,1,6331,12550910,CI,C I G N A CORP,,,,N,A,R,20357,0,1,6324,12552310,,,,,,,,,,,,,,,,,,,,,,,,,114.830,119.545,117.300,854000.000,0.023739,116.940,117.620,153502.000,3.000,3.000,114.830,,0.023739,0.016,0.016,0.015,0.015,0.013
64186,2001/01/24,,11,1,6331,12550910,CI,C I G N A CORP,,,,N,A,R,20357,0,1,6324,12552310,,,,,,,,,,,,,,,,,,,,,,,,,115.000,121.400,120.480,1047700.000,0.027110,120.060,120.860,153502.000,3.000,3.000,115.000,,0.027110,0.003,0.003,0.007,0.007,0.003
64186,2001/01/25,,11,1,6331,12550910,CI,C I G N A CORP,,,,N,A,R,20357,0,1,6324,12552310,,,,,,,,,,,,,,,,,,,,,,,,,116.870,120.650,118.760,742600.000,-0.014276,118.260,119.260,153502.000,3.000,3.000,117.800,,-0.014276,-0.008,-0.008,-0.003,-0.003,-0.005
64186,2001/01/26,,11,1,6331,12550910,CI,C I G N A CORP,,,,N,A,R,20357,0,1,6324,12552310,,,,,,,,,,,,,,,,,,,,,,,,,118.760,122.450,121.250,779400.000,0.020967,120.880,121.630,153502.000,3.000,3.000,118.760,,0.020967,-0.001,-0.001,0.002,0.002,-0.002
64186,2001/01/29,,11,1,6331,12550910,CI,C I G N A CORP,,,,N,A,R,20357,0,1,6324,12552310,,,,,,,,,,,,,,,,,,,,,,,,,116.500,123.250,116.500,647700.000,-0.039175,116.130,116.880,153502.000,3.000,3.000,123.000,,-0.039175,0.009,0.009,0.010,0.010,0.007
64186,2001/01/30,,11,1,6331,12550910,CI,C I G N A CORP,,,,N,A,R,20357,0,1,6324,12552310,,,,,,,,,,,,,,,,,,,,,,,,,112.000,115.000,114.090,818400.000,-0.020687,113.720,114.470,153502.000,3.000,3.000,115.000,,-0.020687,0.007,0.007,0.010,0.009,0.007
64186,2001/01/31,,11,1,6331,12550910,CI,C I G N A CORP,,,,N,A,R,20357,0,1,6324,12552310,,,,,,,,0.000,,,,,,,,,,,,,,,,,109.140,114.100,111.150,1143800.000,-0.025769,110.650,111.650,153503.000,3.000,3.000,114.100,,-0.025769,-0.007,-0.007,-0.000,-0.000,-0.006
64186,2001/02/01,2002/01/01,11,1,6324,12550910,CI,C I G N A CORP,,,,N,A,R,20357,0,1,6324,12552310,,,,,,,,2.000,63.000,632.000,,,,,,,,,,,,,,,110.900,115.200,114.000,1255900.000,0.025641,113.630,114.380,153503.000,3.000,3.000,111.150,,0.025641,0.004,0.004,0.002,0.002,0.005
64186,2001/02/02,,11,1,6324,12550910,CI,C I G N A CORP,,,,N,A,R,20357,0,1,6324,12552310,,,,,,,,,63.000,632.000,,,,,,,,,,,,,,,116.900,119.200,118.500,1171000.000,0.039474,118.000,119.000,153503.000,3.000,3.000,116.900,,0.039474,-0.019,-0.019,-0.009,-0.009,-0.017
64186,2001/02/05,,11,1,6324,12550910,CI,C I G N A CORP,,,,N,A,R,20357,0,1,6324,12552310,,,,,,,,,63.000,632.000,,,,,,,,,,,,,,,119.550,123.250,121.510,755300.000,0.025401,121.140,121.890,153503.000,3.000,3.000,120.250,,0.025401,0.002,0.002,-0.004,-0.004,0.004
64186,2001/02/06,,11,1,6324,12550910,CI,C I G N A CORP,,,,N,A,R,20357,0,1,6324,12552310,,,,,,,,,63.000,632.000,,,,,,,,,,,,,,,117.320,121.000,117.480,531900.000,-0.033166,117.110,117.860,153503.000,3.000,3.000,121.000,,-0.033166,0.000,0.000,0.002,0.002,-0.002
64186,2001/02/07,,11,1,6324,12550910,CI,C I G N A CORP,,,,N,A,R,20357,0,1,6324,12552310,,,,,,,,,63.000,632.000,,,,,,,,,,,,,,,119.400,122.620,119.800,801400.000,0.019748,119.430,120.180,153503.000,3.000,3.000,119.500,,0.019748,-0.009,-0.009,-0.004,-0.004,-0.008
64186,2001/02/08,,11,1,6324,12550910,CI,C I G N A CORP,,,,N,A,R,20357,0,1,6324,12552310,,,,,,,,,63.000,632.000,,,,,,,,,,,,,,,118.100,122.400,120.890,895300.000,0.009098,120.520,121.270,153503.000,3.000,3.000,119.800,,0.009098,-0.006,-0.007,-0.003,-0.003,-0.006
64186,2001/02/09,,11,1,6324,12550910,CI,C I G N A CORP,,,,N,A,R,20357,0,1,6324,12552310,,,,,,,,,63.000,632.000,,,,,,,,,,,,,,,105.000,121.000,110.750,4091100.000,-0.083878,110.170,110.300,153503.000,3.000,3.000,121.000,,-0.083878,-0.014,-0.014,-0.009,-0.009,-0.013
64186,2001/02/12,,11,1,6324,12550910,CI,C I G N A CORP,,,,N,A,R,20357,0,1,6324,12552310,,,,,,,,,63.000,632.000,,,,,,,,,,,,,,,111.550,115.000,113.200,2065100.000,0.022122,112.830,113.580,153503.000,3.000,3.000,115.000,,0.022122,0.010,0.010,0.005,0.005,0.012
64186,2001/02/13,,11,1,6324,12550910,CI,C I G N A CORP,,,,N,A,R,20357,0,1,6324,12552310,,,,,,,,,63.000,632.000,,,,,,,,,,,,,,,111.700,113.730,112.550,1053800.000,-0.005742,112.050,113.000,153503.000,3.000,3.000,113.500,,-0.005742,-0.009,-0.009,-0.003,-0.004,-0.009
64186,2001/02/14,,11,1,6324,12550910,CI,C I G N A CORP,,,,N,A,R,20357,0,1,6324,12552310,,,,,,,,,63.000,632.000,,,,,,,,,,,,,,,107.150,113.100,108.000,1198200.000,-0.040427,107.630,108.380,153503.000,3.000,3.000,112.150,,-0.040427,-0.000,-0.000,-0.000,-0.001,-0.002
64186,2001/02/15,,11,1,6324,12550910,CI,C I G N A CORP,,,,N,A,R,20357,0,1,6324,12552310,,,,,,,,,63.000,632.000,,,,,,,,,,,,,,,106.850,108.850,108.240,1193800.000,0.002222,108.240,108.620,153503.000,3.000,3.000,108.750,,0.002222,0.009,0.009,0.009,0.009,0.008
64186,2001/02/16,,11,1,6324,12550910,CI,C I G N A CORP,,,,N,A,R,20357,0,1,6324,12552310,,,,,,,,,63.000,632.000,,,,,,,,,,,,,,,108.060,109.620,108.630,661300.000,0.003603,108.260,109.010,153503.000,3.000,3.000,108.240,,0.003603,-0.021,-0.021,-0.014,-0.014,-0.019
64186,2001/02/20,,11,1,6324,12550910,CI,C I G N A CORP,,,,N,A,R,20357,0,1,6324,12552310,,,,,,,,,63.000,632.000,,,,,,,,,,,,,,,105.250,109.500,106.300,1086900.000,-0.021449,105.930,106.680,153503.000,3.000,3.000,108.680,,-0.021449,-0.019,-0.019,-0.012,-0.012,-0.017
64186,2001/02/21,,11,1,6324,12550910,CI,C I G N A CORP,,,,N,A,R,20357,0,1,6324,12552310,,,,,,,,,63.000,632.000,,,,,,,,,,,,,,,104.500,106.950,105.570,773400.000,-0.006867,105.200,105.950,153503.000,3.000,3.000,106.300,,-0.006867,-0.018,-0.018,-0.016,-0.016,-0.019
64186,2001/02/22,,11,1,6324,12550910,CI,C I G N A CORP,,,,N,A,R,20357,0,1,6324,12552310,,,,,,,,,63.000,632.000,,,,,,,,,,,,,,,104.500,106.600,106.000,1204400.000,0.004073,105.630,106.380,153503.000,3.000,3.000,106.300,,0.004073,-0.005,-0.005,-0.011,-0.011,-0.002
64186,2001/02/23,,11,1,6324,12550910,CI,C I G N A CORP,,,,N,A,R,20357,0,1,6324,12552310,,,,,,,,,63.000,632.000,,,,,,,,,,,,,,,101.000,107.300,102.200,1044000.000,-0.035849,101.830,102.580,153503.000,3.000,3.000,106.750,,-0.035849,-0.004,-0.004,-0.003,-0.003,-0.006
64186,2001/02/26,,11,1,6324,12550910,CI,C I G N A CORP,,,,N,A,R,20357,0,1,6324,12552310,,,,,,,,,63.000,632.000,,,,,,,,,,,,,,,102.500,106.740,106.100,868500.000,0.038160,106.000,106.600,153503.000,3.000,3.000,102.500,,0.038160,0.019,0.019,0.016,0.016,0.017
64186,2001/02/27,,11,1,6324,12550910,CI,C I G N A CORP,,,,N,A,R,20357,0,1,6324,12552310,,,,,,,,,63.000,632.000,,,,,,,,,,,,,,,106.100,112.000,110.860,1127100.000,0.044863,110.490,111.240,153503.000,3.000,3.000,106.100,,0.044863,-0.012,-0.012,-0.012,-0.012,-0.008
64186,2001/02/28,,11,1,6324,12550910,CI,C I G N A CORP,,,,N,A,R,20357,0,1,6324,12552310,,,,,,,,0.000,63.000,632.000,,,,,,,,,,,,,,,109.050,111.700,109.670,827500.000,-0.010734,109.300,110.050,153503.000,3.000,3.000,111.700,,-0.010734,-0.014,-0.014,-0.008,-0.008,-0.014
64186,2001/03/01,,11,1,6324,12550910,CI,C I G N A CORP,,,,N,A,R,20357,0,1,6324,12552310,,,,,,,,,63.000,632.000,,,,,,,,,,,,,,,106.500,111.750,109.950,980400.000,0.002553,109.580,110.330,153503.000,3.000,3.000,109.000,,0.002553,0.000,0.000,-0.006,-0.006,0.001
64186,2001/03/02,,11,1,6324,12550910,CI,C I G N A CORP,,,,N,A,R,20357,0,1,6324,12552310,,,,,,,,,63.000,632.000,,,,,,,,,,,,,,,108.750,115.900,112.420,873000.000,0.022465,112.000,112.920,153503.000,3.000,3.000,108.750,,0.022465,-0.005,-0.005,0.005,0.005,-0.006
64186,2001/03/05,,11,1,6324,12550910,CI,C I G N A CORP,,,,N,A,R,20357,0,1,6324,12552310,,,,,,,,,63.000,632.000,,,,,,,,,,,,,,,108.890,111.000,110.320,1083700.000,-0.018680,109.950,110.700,153503.000,3.000,3.000,111.000,,-0.018680,0.005,0.005,0.002,0.002,0.006
64186,2001/03/06,,11,1,6324,12550910,CI,C I G N A CORP,,,,N,A,R,20357,0,1,6324,12552310,,,,,,,,,63.000,632.000,,,,,,,,,,,,,,,109.340,111.500,110.400,462400.000,0.000725,110.000,110.900,153503.000,3.000,3.000,110.330,,0.000725,0.011,0.011,0.010,0.010,0.010
64186,2001/03/07,,11,1,6324,12550910,CI,C I G N A CORP,,,,N,A,R,20357,0,1,6324,12552310,,,,,,,,,63.000,632.000,,,,,,,,,,,,,,,109.532,111.000,110.020,736900.000,-0.003442,109.650,110.400,153503.000,3.000,3.000,109.750,,-0.003442,0.006,0.006,0.006,0.005,0.006
64186,2001/03/08,,11,1,6324,12550910,CI,C I G N A CORP,,,,N,A,R,20357,0,1,6324,12552310,,,,,,,,,63.000,632.000,,,,,,,,,,,,,,,110.020,113.000,112.450,642200.000,0.022087,112.080,112.830,153503.000,3.000,3.000,110.030,,0.022087,-0.001,-0.001,-0.004,-0.004,0.002
64186,2001/03/09,,11,1,6324,12550910,CI,C I G N A CORP,,,,N,A,R,20357,0,1,6324,12552310,2001/02/28,,,,,2001/04/10,2001/03/13,0.000,63.000,632.000,1232.000,0.320,0.000,0.000,,,,,,,,,,,111.650,112.950,112.000,791900.000,-0.001156,111.630,112.380,153503.000,3.000,3.000,112.300,,-0.004002,-0.024,-0.024,-0.015,-0.015,-0.025
64186,2001/03/12,,11,1,6324,12550910,CI,C I G N A CORP,,,,N,A,R,20357,0,1,6324,12552310,,,,,,,,,63.000,632.000,,,,,,,,,,,,,,,110.600,112.720,110.840,858200.000,-0.010357,110.340,111.300,153503.000,3.000,3.000,111.800,,-0.010357,-0.042,-0.042,-0.031,-0.031,-0.043
64186,2001/03/13,,11,1,6324,12550910,CI,C I G N A CORP,,,,N,A,R,20357,0,1,6324,12552310,,,,,,,,,63.000,632.000,,,,,,,,,,,,,,,107.550,111.100,110.800,1262000.000,-0.000361,110.430,111.180,153503.000,3.000,3.000,110.690,,-0.000361,0.015,0.015,0.005,0.005,0.015
64186,2001/03/14,,11,1,6324,12550910,CI,C I G N A CORP,,,,N,A,R,20357,0,1,6324,12552310,,,,,,,,,63.000,632.000,,,,,,,,,,,,,,,107.900,109.990,108.650,840500.000,-0.019404,108.280,109.030,153503.000,3.000,3.000,109.000,,-0.019404,-0.025,-0.025,-0.018,-0.018,-0.026
64186,2001/03/15,,11,1,6324,12550910,CI,C I G N A CORP,,,,N,A,R,20357,0,1,6324,12552310,,,,,,,,,63.000,632.000,,,,,,,,,,,,,,,109.150,111.200,111.050,654400.000,0.022089,110.680,111.430,153503.000,3.000,3.000,109.250,,0.022089,0.003,0.003,-0.000,-0.000,0.006
64186,2001/03/16,,11,1,6324,12550910,CI,C I G N A CORP,,,,N,A,R,20357,0,1,6324,12552310,,,,,,,,,63.000,632.000,,,,,,,,,,,,,,,105.360,111.420,106.780,983900.000,-0.038451,106.410,107.160,153503.000,3.000,3.000,109.000,,-0.038451,-0.021,-0.021,-0.018,-0.018,-0.020
64186,2001/03/19,,11,1,6324,12550910,CI,C I G N A CORP,,,,N,A,R,20357,0,1,6324,12552310,,,,,,,,,63.000,632.000,,,,,,,,,,,,,,,105.030,109.110,108.750,967900.000,0.018449,108.380,109.130,153503.000,3.000,3.000,107.300,,0.018449,0.019,0.019,0.009,0.009,0.018
64186,2001/03/20,,11,1,6324,12550910,CI,C I G N A CORP,,,,N,A,R,20357,0,1,6324,12552310,,,,,,,,,63.000,632.000,,,,,,,,,,,,,,,105.500,109.330,105.500,613500.000,-0.029885,105.130,106.000,153503.000,3.000,3.000,108.500,,-0.029885,-0.023,-0.023,-0.008,-0.009,-0.024
64186,2001/03/21,,11,1,6324,12550910,CI,C I G N A CORP,,,,N,A,R,20357,0,1,6324,12552310,,,,,,,,,63.000,632.000,,,,,,,,,,,,,,,103.400,107.250,103.570,1186400.000,-0.018294,103.200,103.950,153503.000,3.000,3.000,104.550,,-0.018294,-0.019,-0.019,-0.016,-0.016,-0.018
64186,2001/03/22,,11,1,6324,12550910,CI,C I G N A CORP,,,,N,A,R,20357,0,1,6324,12552310,,,,,,,,,63.000,632.000,,,,,,,,,,,,,,,99.300,103.600,100.390,1769900.000,-0.030704,100.000,100.890,153503.000,3.000,3.000,103.600,,-0.030704,-0.004,-0.005,-0.011,-0.011,-0.004
64186,2001/03/23,,11,1,6324,12550910,CI,C I G N A CORP,,,,N,A,R,20357,0,1,6324,12552310,,,,,,,,,63.000,632.000,,,,,,,,,,,,,,,100.520,105.000,103.010,781000.000,0.026098,102.640,103.390,153503.000,3.000,3.000,101.000,,0.026098,0.020,0.020,0.021,0.021,0.020
64186,2001/03/26,,11,1,6324,12550910,CI,C I G N A CORP,,,,N,A,R,20357,0,1,6324,12552310,,,,,,,,,63.000,632.000,,,,,,,,,,,,,,,103.750,106.750,105.030,581800.000,0.019610,104.530,105.000,153503.000,3.000,3.000,103.750,,0.019610,0.011,0.011,0.007,0.007,0.011
64186,2001/03/27,,11,1,6324,12550910,CI,C I G N A CORP,,,,N,A,R,20357,0,1,6324,12552310,,,,,,,,,63.000,632.000,,,,,,,,,,,,,,,104.250,105.800,104.800,794300.000,-0.002190,104.430,105.180,153503.000,3.000,3.000,104.250,,-0.002190,0.023,0.023,0.009,0.009,0.026
64186,2001/03/28,,11,1,6324,12550910,CI,C I G N A CORP,,,,N,A,R,20357,0,1,6324,12552310,,,,,,,,,63.000,632.000,,,,,,,,,,,,,,,99.500,103.950,100.300,1433900.000,-0.042939,99.800,100.800,153503.000,3.000,3.000,103.700,,-0.042939,-0.026,-0.026,-0.018,-0.018,-0.024
64186,2001/03/29,,11,1,6324,12550910,CI,C I G N A CORP,,,,N,A,R,20357,0,1,6324,12552310,,,,,,,,,63.000,632.000,,,,,,,,,,,,,,,100.640,106.110,105.350,1095800.000,0.050349,104.850,105.850,153503.000,3.000,3.000,101.100,,0.050349,-0.005,-0.005,-0.007,-0.007,-0.005
64186,2001/03/30,,11,1,6324,12550910,CI,C I G N A CORP,,,,N,A,R,20357,0,1,6324,12552310,,,,,,,,0.000,63.000,632.000,,,,,,,,,,,,,,,105.970,109.320,107.360,944600.000,0.019079,106.860,107.860,152127.000,3.000,3.000,107.000,,0.019079,0.012,0.012,0.016,0.016,0.011
64186,2001/04/02,,11,1,6324,12550910,CI,C I G N A CORP,,,,N,A,R,20357,0,1,6324,12552310,,,,,,,,,63.000,632.000,,,,,,,,,,,,,,,106.300,110.320,106.570,1041000.000,-0.007358,106.200,106.950,152127.000,3.000,3.000,107.250,,-0.007358,-0.016,-0.016,-0.021,-0.021,-0.012
64186,2001/04/03,,11,1,6324,12550910,CI,C I G N A CORP,,,,N,A,R,20357,0,1,6324,12552310,,,,,,,,,63.000,632.000,,,,,,,,,,,,,,,104.550,106.490,104.820,750000.000,-0.016421,104.450,105.200,152127.000,3.000,3.000,105.600,,-0.016421,-0.036,-0.036,-0.034,-0.034,-0.034
64186,2001/04/04,,11,1,6324,12550910,CI,C I G N A CORP,,,,N,A,R,20357,0,1,6324,12552310,,,,,,,,,63.000,632.000,,,,,,,,,,,,,,,103.250,106.180,105.100,800600.000,0.002671,104.730,105.480,152127.000,3.000,3.000,104.200,,0.002671,-0.003,-0.003,-0.008,-0.008,-0.003
64186,2001/04/05,,11,1,6324,12550910,CI,C I G N A CORP,,,,N,A,R,20357,0,1,6324,12552310,,,,,,,,,63.000,632.000,,,,,,,,,,,,,,,103.750,106.980,106.500,1029800.000,0.013321,106.000,107.000,152127.000,3.000,3.000,106.000,,0.013321,0.046,0.046,0.039,0.039,0.044
64186,2001/04/06,,11,1,6324,12550910,CI,C I G N A CORP,,,,N,A,R,20357,0,1,6324,12552310,,,,,,,,,63.000,632.000,,,,,,,,,,,,,,,102.900,107.200,104.320,578400.000,-0.020469,103.950,104.700,152127.000,3.000,3.000,105.500,,-0.020469,-0.020,-0.020,-0.013,-0.013,-0.020
64186,2001/04/09,,11,1,6324,12550910,CI,C I G N A CORP,,,,N,A,R,20357,0,1,6324,12552310,,,,,,,,,63.000,632.000,,,,,,,,,,,,,,,102.440,104.340,103.900,635900.000,-0.004026,103.530,104.280,152127.000,3.000,3.000,103.820,,-0.004026,0.009,0.009,0.006,0.006,0.008
64186,2001/04/10,,11,1,6324,12550910,CI,C I G N A CORP,,,,N,A,R,20357,0,1,6324,12552310,,,,,,,,,63.000,632.000,,,,,,,,,,,,,,,99.550,102.500,102.000,1823900.000,-0.018287,101.630,102.380,152127.000,3.000,3.000,100.300,,-0.018287,0.029,0.029,0.023,0.023,0.027
64186,2001/04/11,,11,1,6324,12550910,CI,C I G N A CORP,,,,N,A,R,20357,0,1,6324,12552310,,,,,,,,,63.000,632.000,,,,,,,,,,,,,,,99.980,102.000,100.850,1194500.000,-0.011275,100.350,101.350,152127.000,3.000,3.000,102.000,,-0.011275,-0.001,-0.001,0.007,0.007,-0.002
64186,2001/04/12,,11,1,6324,12550910,CI,C I G N A CORP,,,,N,A,R,20357,0,1,6324,12552310,,,,,,,,,63.000,632.000,,,,,,,,,,,,,,,100.150,103.000,101.320,975100.000,0.004660,100.950,101.700,152127.000,3.000,3.000,100.500,,0.004660,0.016,0.016,0.015,0.015,0.015
64186,2001/04/16,,11,1,6324,12550910,CI,C I G N A CORP,,,,N,A,R,20357,0,1,6324,12552310,,,,,,,,,63.000,632.000,,,,,,,,,,,,,,,99.700,102.000,100.000,902400.000,-0.013028,99.630,100.380,152127.000,3.000,3.000,101.000,,-0.013028,-0.005,-0.005,-0.004,-0.004,-0.003
64186,2001/04/17,,11,1,6324,12550910,CI,C I G N A CORP,,,,N,A,R,20357,0,1,6324,12552310,,,,,,,,,63.000,632.000,,,,,,,,,,,,,,,98.780,100.890,100.150,1406300.000,0.001500,99.780,100.650,152127.000,3.000,3.000,100.450,,0.001500,0.010,0.010,0.005,0.005,0.010
64186,2001/04/18,,11,1,6324,12550910,CI,C I G N A CORP,,,,N,A,R,20357,0,1,6324,12552310,,,,,,,,,63.000,632.000,,,,,,,,,,,,,,,99.850,101.470,100.630,1368100.000,0.004793,100.260,101.010,152127.000,3.000,3.000,100.500,,0.004793,0.040,0.040,0.029,0.029,0.039
64186,2001/04/19,,11,1,6324,12550910,CI,C I G N A CORP,,,,N,A,R,20357,0,1,6324,12552310,,,,,,,,,63.000,632.000,,,,,,,,,,,,,,,100.300,101.450,100.850,1002500.000,0.002186,100.480,100.900,152127.000,3.000,3.000,100.700,,0.002186,0.015,0.015,0.016,0.016,0.013
64186,2001/04/20,,11,1,6324,12550910,CI,C I G N A CORP,,,,N,A,R,20357,0,1,6324,12552310,,,,,,,,,63.000,632.000,,,,,,,,,,,,,,,100.250,101.400,100.900,1075900.000,0.000496,100.400,101.400,152127.000,3.000,3.000,100.750,,0.000496,-0.008,-0.008,0.001,0.001,-0.009
64186,2001/04/23,,11,1,6324,12550910,CI,C I G N A CORP,,,,N,A,R,20357,0,1,6324,12552310,,,,,,,,,63.000,632.000,,,,,,,,,,,,,,,100.450,102.300,100.600,492000.000,-0.002973,100.100,101.000,152127.000,3.000,3.000,101.400,,-0.002973,-0.017,-0.017,-0.008,-0.008,-0.015
64186,2001/04/24,,11,1,6324,12550910,CI,C I G N A CORP,,,,N,A,R,20357,0,1,6324,12552310,,,,,,,,,63.000,632.000,,,,,,,,,,,,,,,97.700,100.950,97.820,1090300.000,-0.027634,97.320,98.320,152127.000,3.000,3.000,100.600,,-0.027634,-0.011,-0.011,0.002,0.002,-0.012
64186,2001/04/25,,11,1,6324,12550910,CI,C I G N A CORP,,,,N,A,R,20357,0,1,6324,12552310,,,,,,,,,63.000,632.000,,,,,,,,,,,,,,,97.500,100.780,99.530,1700700.000,0.017481,99.030,100.000,152127.000,3.000,3.000,98.500,,0.017481,0.016,0.016,0.012,0.011,0.016
64186,2001/04/26,,11,1,6324,12550910,CI,C I G N A CORP,,,,N,A,R,20357,0,1,6324,12552310,,,,,,,,,63.000,632.000,,,,,,,,,,,,,,,99.100,104.500,102.750,1034200.000,0.032352,102.250,103.250,152127.000,3.000,3.000,101.000,,0.032352,0.005,0.005,0.008,0.007,0.005
64186,2001/04/27,,11,1,6324,12550910,CI,C I G N A CORP,,,,N,A,R,20357,0,1,6324,12552310,,,,,,,,,63.000,632.000,,,,,,,,,,,,,,,105.000,107.020,107.000,1165800.000,0.041363,106.500,107.500,152127.000,3.000,3.000,105.500,,0.041363,0.014,0.014,0.011,0.011,0.015
64186,2001/04/30,,11,1,6324,12550910,CI,C I G N A CORP,,,,N,A,R,20357,0,1,6324,12552310,,,,,,,,0.000,63.000,632.000,,,,,,,,,,,,,,,106.340,107.890,106.700,860400.000,-0.002804,106.200,107.200,152127.000,3.000,3.000,106.500,,-0.002804,0.001,0.001,0.010,0.010,-0.003
64186,2001/05/01,,11,1,6324,12550910,CI,C I G N A CORP,,,,N,A,R,20357,0,1,6324,12552310,,,,,,,,,63.000,632.000,,,,,,,,,,,,,,,105.660,109.250,108.700,698700.000,0.018744,108.330,109.080,152127.000,3.000,3.000,106.000,,0.018744,0.013,0.013,0.010,0.010,0.014
64186,2001/05/02,,11,1,6324,12550910,CI,C I G N A CORP,,,,N,A,R,20357,0,1,6324,12552310,,,,,,,,,63.000,632.000,,,,,,,,,,,,,,,91.500,97.250,92.850,7051900.000,-0.145814,92.850,93.230,152127.000,3.000,3.000,97.000,,-0.145814,0.003,0.003,0.012,0.012,0.001
64186,2001/05/03,,11,1,6324,12550910,CI,C I G N A CORP,,,,N,A,R,20357,0,1,6324,12552310,,,,,,,,,63.000,632.000,,,,,,,,,,,,,,,88.810,92.070,89.800,3999200.000,-0.032849,89.430,90.180,152127.000,3.000,3.000,91.050,,-0.032849,-0.015,-0.015,-0.005,-0.006,-0.015
64186,2001/05/04,,11,1,6324,12550910,CI,C I G N A CORP,,,,N,A,R,20357,0,1,6324,12552310,,,,,,,,,63.000,632.000,,,,,,,,,,,,,,,88.160,91.000,89.500,3279800.000,-0.003341,89.130,89.880,152127.000,3.000,3.000,89.990,,-0.003341,0.014,0.014,0.011,0.011,0.014
64186,2001/05/07,,11,1,6324,12550910,CI,C I G N A CORP,,,,N,A,R,20357,0,1,6324,12552310,,,,,,,,,63.000,632.000,,,,,,,,,,,,,,,87.760,90.300,87.840,1378700.000,-0.018548,87.350,88.340,152127.000,3.000,3.000,89.350,,-0.018548,-0.003,-0.003,0.001,0.001,-0.002
64186,2001/05/08,,11,1,6324,12550910,CI,C I G N A CORP,,,,N,A,R,20357,0,1,6324,12552310,,,,,,,,,63.000,632.000,,,,,,,,,,,,,,,88.150,89.500,89.000,1481000.000,0.013206,88.630,89.380,152127.000,3.000,3.000,89.000,,0.013206,-0.001,-0.001,0.005,0.005,-0.002
64186,2001/05/09,,11,1,6324,12550910,CI,C I G N A CORP,,,,N,A,R,20357,0,1,6324,12552310,,,,,,,,,63.000,632.000,,,,,,,,,,,,,,,88.960,92.000,92.000,1994800.000,0.033708,91.630,92.380,152127.000,3.000,3.000,89.000,,0.033708,-0.004,-0.004,0.001,0.001,-0.004
64186,2001/05/10,,11,1,6324,12550910,CI,C I G N A CORP,,,,N,A,R,20357,0,1,6324,12552310,,,,,,,,,63.000,632.000,,,,,,,,,,,,,,,90.100,92.370,90.590,1624500.000,-0.015326,90.220,90.970,152127.000,3.000,3.000,92.000,,-0.015326,-0.000,-0.001,0.003,0.003,-0.000
64186,2001/05/11,,11,1,6324,12550910,CI,C I G N A CORP,,,,N,A,R,20357,0,1,6324,12552310,,,,,,,,,63.000,632.000,,,,,,,,,,,,,,,90.590,93.400,93.000,1536900.000,0.026603,92.630,93.380,152127.000,3.000,3.000,90.590,,0.026603,-0.008,-0.008,-0.002,-0.002,-0.008
64186,2001/05/14,,11,1,6324,12550910,CI,C I G N A CORP,,,,N,A,R,20357,0,1,6324,12552310,,,,,,,,,63.000,632.000,,,,,,,,,,,,,,,91.400,93.800,92.790,968300.000,-0.002258,92.420,93.170,152127.000,3.000,3.000,93.250,,-0.002258,0.001,0.001,-0.003,-0.003,0.003
64186,2001/05/15,,11,1,6324,12550910,CI,C I G N A CORP,,,,N,A,R,20357,0,1,6324,12552310,,,,,,,,,63.000,632.000,,,,,,,,,,,,,,,91.850,94.010,93.350,960800.000,0.006035,92.980,93.730,152127.000,3.000,3.000,92.790,,0.006035,0.001,0.001,0.004,0.004,0.000
64186,2001/05/16,,11,1,6324,12550910,CI,C I G N A CORP,,,,N,A,R,20357,0,1,6324,12552310,,,,,,,,,63.000,632.000,,,,,,,,,,,,,,,93.100,96.600,96.150,1045900.000,0.029995,95.780,96.530,152127.000,3.000,3.000,93.100,,0.029995,0.027,0.027,0.010,0.010,0.028
64186,2001/05/17,,11,1,6324,12550910,CI,C I G N A CORP,,,,N,A,R,20357,0,1,6324,12552310,,,,,,,,,63.000,632.000,,,,,,,,,,,,,,,93.070,94.900,93.990,2258800.000,-0.022465,93.620,94.370,152127.000,3.000,3.000,94.750,,-0.022465,0.006,0.006,0.011,0.010,0.003
64186,2001/05/18,,11,1,6324,12550910,CI,C I G N A CORP,,,,N,A,R,20357,0,1,6324,12552310,,,,,,,,,63.000,632.000,,,,,,,,,,,,,,,93.450,94.400,93.710,999200.000,-0.002979,93.340,94.090,152127.000,3.000,3.000,93.990,,-0.002979,0.003,0.003,0.005,0.005,0.003
64186,2001/05/21,,11,1,6324,12550910,CI,C I G N A CORP,,,,N,A,R,20357,0,1,6324,12552310,,,,,,,,,63.000,632.000,,,,,,,,,,,,,,,93.800,95.640,94.890,935500.000,0.012592,94.780,95.210,152127.000,3.000,3.000,93.950,,0.012592,0.019,0.019,0.016,0.016,0.016
64186,2001/05/22,,11,1,6324,12550910,CI,C I G N A CORP,,,,N,A,R,20357,0,1,6324,12552310,,,,,,,,,63.000,632.000,,,,,,,,,,,,,,,93.500,96.300,94.500,570100.000,-0.004110,94.380,94.600,152127.000,3.000,3.000,94.890,,-0.004110,-0.002,-0.002,0.007,0.007,-0.003
64186,2001/05/23,,11,1,6324,12550910,CI,C I G N A CORP,,,,N,A,R,20357,0,1,6324,12552310,,,,,,,,,63.000,632.000,,,,,,,,,,,,,,,93.200,94.850,93.500,683400.000,-0.010582,93.350,93.610,152127.000,3.000,3.000,94.850,,-0.010582,-0.017,-0.017,-0.007,-0.007,-0.016
64186,2001/05/24,,11,1,6324,12550910,CI,C I G N A CORP,,,,N,A,R,20357,0,1,6324,12552310,,,,,,,,,63.000,632.000,,,,,,,,,,,,,,,93.000,94.480,93.960,976200.000,0.004920,93.860,94.070,152127.000,3.000,3.000,93.000,,0.004920,0.004,0.004,0.006,0.005,0.003
64186,2001/05/25,,11,1,6324,12550910,CI,C I G N A CORP,,,,N,A,R,20357,0,1,6324,12552310,,,,,,,,,63.000,632.000,,,,,,,,,,,,,,,91.390,93.660,92.000,1073500.000,-0.020860,91.890,92.100,152127.000,3.000,3.000,93.650,,-0.020860,-0.010,-0.010,0.003,0.003,-0.012
64186,2001/05/29,,11,1,6324,12550910,CI,C I G N A CORP,,,,N,A,R,20357,0,1,6324,12552310,,,,,,,,,63.000,632.000,,,,,,,,,,,,,,,91.660,94.050,93.990,677000.000,0.021630,93.880,94.090,152127.000,3.000,3.000,92.000,,0.021630,-0.010,-0.010,-0.008,-0.008,-0.008
64186,2001/05/30,,11,1,6324,12550910,CI,C I G N A CORP,,,,N,A,R,20357,0,1,6324,12552310,,,,,,,,,63.000,632.000,,,,,,,,,,,,,,,92.000,94.000,93.030,737500.000,-0.010214,92.930,93.140,152127.000,3.000,3.000,93.000,,-0.010214,-0.018,-0.018,-0.016,-0.016,-0.016
64186,2001/05/31,,11,1,6324,12550910,CI,C I G N A CORP,,,,N,A,R,20357,0,1,6324,12552310,,,,,,,,0.000,63.000,632.000,,,,,,,,,,,,,,,92.150,95.200,94.470,948900.000,0.015479,94.370,94.580,149754.000,3.000,3.000,93.040,,0.015479,0.008,0.008,0.007,0.007,0.006
64186,2001/06/01,,11,1,6324,12550910,CI,C I G N A CORP,,,,N,A,R,20357,0,1,6324,12552310,,,,,,,,,63.000,632.000,,,,,,,,,,,,,,,92.600,94.480,93.250,827800.000,-0.012914,93.130,93.350,149754.000,3.000,3.000,94.480,,-0.012914,0.005,0.005,0.006,0.006,0.004
64186,2001/06/04,,11,1,6324,12550910,CI,C I G N A CORP,,,,N,A,R,20357,0,1,6324,12552310,,,,,,,,,63.000,632.000,,,,,,,,,,,,,,,92.320,93.250,93.250,847300.000,0.000000,92.890,93.190,149754.000,3.000,3.000,92.500,,0.000000,0.005,0.005,0.005,0.005,0.005
64186,2001/06/05,,11,1,6324,12550910,CI,C I G N A CORP,,,,N,A,R,20357,0,1,6324,12552310,,,,,,,,,63.000,632.000,,,,,,,,,,,,,,,91.740,93.290,92.500,1245300.000,-0.008043,92.390,92.600,149754.000,3.000,3.000,92.850,,-0.008043,0.014,0.014,0.012,0.012,0.013
64186,2001/06/06,,11,1,6324,12550910,CI,C I G N A CORP,,,,N,A,R,20357,0,1,6324,12552310,,,,,,,,,63.000,632.000,,,,,,,,,,,,,,,92.430,93.400,93.350,1083200.000,0.009189,93.240,93.450,149754.000,3.000,3.000,92.750,,0.009189,-0.009,-0.010,-0.003,-0.003,-0.011
64186,2001/06/07,,11,1,6324,12550910,CI,C I G N A CORP,,,,N,A,R,20357,0,1,6324,12552310,,,,,,,,,63.000,632.000,,,,,,,,,,,,,,,92.860,94.500,94.010,713700.000,0.007070,93.910,94.120,149754.000,3.000,3.000,93.550,,0.007070,0.005,0.005,0.005,0.005,0.005
64186,2001/06/08,,11,1,6324,12550910,CI,C I G N A CORP,,,,N,A,R,20357,0,1,6324,12552310,2001/04/25,,,,,2001/07/10,2001/06/12,0.000,63.000,632.000,1232.000,0.320,0.000,0.000,,,,,,,,,,,94.000,95.290,94.810,377600.000,0.011914,94.730,95.030,149754.000,3.000,3.000,94.500,,0.008510,-0.010,-0.010,-0.002,-0.002,-0.009
64186,2001/06/11,,11,1,6324,12550910,CI,C I G N A CORP,,,,N,A,R,20357,0,1,6324,12552310,,,,,,,,,63.000,632.000,,,,,,,,,,,,,,,94.010,95.450,94.050,515000.000,-0.008016,93.950,94.160,149754.000,3.000,3.000,94.950,,-0.008016,-0.010,-0.010,-0.006,-0.006,-0.008
64186,2001/06/12,,11,1,6324,12550910,CI,C I G N A CORP,,,,N,A,R,20357,0,1,6324,12552310,,,,,,,,,63.000,632.000,,,,,,,,,,,,,,,93.300,95.250,95.090,716300.000,0.011058,94.980,95.190,149754.000,3.000,3.000,94.060,,0.011058,0.000,0.000,-0.001,-0.001,0.001
64186,2001/06/13,,11,1,6324,12550910,CI,C I G N A CORP,,,,N,A,R,20357,0,1,6324,12552310,,,,,,,,,63.000,632.000,,,,,,,,,,,,,,,95.050,96.850,95.100,567600.000,0.000105,95.000,95.210,149754.000,3.000,3.000,95.300,,0.000105,-0.010,-0.010,-0.002,-0.003,-0.011
64186,2001/06/14,,11,1,6324,12550910,CI,C I G N A CORP,,,,N,A,R,20357,0,1,6324,12552310,,,,,,,,,63.000,632.000,,,,,,,,,,,,,,,92.300,94.560,92.400,603500.000,-0.028391,92.300,92.510,149754.000,3.000,3.000,94.560,,-0.028391,-0.019,-0.019,-0.015,-0.015,-0.018
64186,2001/06/15,,11,1,6324,12550910,CI,C I G N A CORP,,,,N,A,R,20357,0,1,6324,12552310,,,,,,,,,63.000,632.000,,,,,,,,,,,,,,,91.000,92.570,92.250,1122400.000,-0.001623,92.150,92.360,149754.000,3.000,3.000,91.000,,-0.001623,-0.005,-0.005,-0.005,-0.005,-0.005
64186,2001/06/18,,11,1,6324,12550910,CI,C I G N A CORP,,,,N,A,R,20357,0,1,6324,12552310,,,,,,,,,63.000,632.000,,,,,,,,,,,,,,,92.310,93.450,92.830,485600.000,0.006287,92.890,92.970,149754.000,3.000,3.000,92.600,,0.006287,-0.007,-0.007,-0.013,-0.013,-0.005
64186,2001/06/19,,11,1,6324,12550910,CI,C I G N A CORP,,,,N,A,R,20357,0,1,6324,12552310,,,,,,,,,63.000,632.000,,,,,,,,,,,,,,,92.500,93.800,92.650,365800.000,-0.001939,92.550,92.760,149754.000,3.000,3.000,93.000,,-0.001939,0.002,0.002,-0.006,-0.006,0.003
64186,2001/06/20,,11,1,6324,12550910,CI,C I G N A CORP,,,,N,A,R,20357,0,1,6324,12552310,,,,,,,,,63.000,632.000,,,,,,,,,,,,,,,92.700,94.600,93.550,660000.000,0.009714,93.450,93.850,149754.000,3.000,3.000,92.700,,0.009714,0.010,0.010,0.001,0.001,0.009
64186,2001/06/21,,11,1,6324,12550910,CI,C I G N A CORP,,,,N,A,R,20357,0,1,6324,12552310,,,,,,,,,63.000,632.000,,,,,,,,,,,,,,,93.550,95.800,94.800,680700.000,0.013362,94.690,94.900,149754.000,3.000,3.000,93.550,,0.013362,0.010,0.010,0.004,0.004,0.011
64186,2001/06/22,,11,1,6324,12550910,CI,C I G N A CORP,,,,N,A,R,20357,0,1,6324,12552310,,,,,,,,,63.000,632.000,,,,,,,,,,,,,,,94.210,95.160,94.500,480600.000,-0.003165,94.400,94.610,149754.000,3.000,3.000,94.500,,-0.003165,-0.009,-0.009,-0.002,-0.003,-0.009
64186,2001/06/25,,11,1,6324,12550910,CI,C I G N A CORP,,,,N,A,R,20357,0,1,6324,12552310,,,,,,,,,63.000,632.000,,,,,,,,,,,,,,,93.550,95.300,93.550,506000.000,-0.010053,93.450,93.970,149754.000,3.000,3.000,94.450,,-0.010053,-0.005,-0.005,-0.000,-0.000,-0.006
64186,2001/06/26,,11,1,6324,12550910,CI,C I G N A CORP,,,,N,A,R,20357,0,1,6324,12552310,,,,,,,,,63.000,632.000,,,,,,,,,,,,,,,93.300,95.400,94.000,673200.000,0.004810,93.900,94.110,149754.000,3.000,3.000,93.550,,0.004810,-0.000,-0.000,0.005,0.005,-0.002
64186,2001/06/27,,11,1,6324,12550910,CI,C I G N A CORP,,,,N,A,R,20357,0,1,6324,12552310,,,,,,,,,63.000,632.000,,,,,,,,,,,,,,,94.050,95.850,95.010,573700.000,0.010745,94.900,95.110,149754.000,3.000,3.000,94.050,,0.010745,-0.002,-0.002,0.004,0.004,-0.005
64186,2001/06/28,,11,1,6324,12550910,CI,C I G N A CORP,,,,N,A,R,20357,0,1,6324,12552310,,,,,,,,,63.000,632.000,,,,,,,,,,,,,,,95.000,97.610,95.500,853500.000,0.005157,95.390,95.600,149754.000,3.000,3.000,95.000,,0.005157,0.013,0.013,0.008,0.008,0.012
64186,2001/06/29,,11,1,6324,12550910,CI,C I G N A CORP,,,,N,A,R,20357,0,1,6324,12552310,,,,,,,,0.000,63.000,632.000,,,,,,,,,,,,,,,94.500,96.390,95.820,1264500.000,0.003351,95.660,95.920,149754.000,3.000,3.000,95.300,,0.003351,0.004,0.004,0.019,0.019,-0.001
64186,2001/07/02,,11,1,6324,12550910,CI,C I G N A CORP,,,,N,A,R,20357,0,1,6324,12552310,,,,,,,,,63.000,632.000,,,,,,,,,,,,,,,95.110,96.200,95.470,434800.000,-0.003653,95.360,95.730,149754.000,3.000,3.000,95.650,,-0.003653,0.005,0.005,-0.006,-0.006,0.010
64186,2001/07/03,,11,1,6324,12550910,CI,C I G N A CORP,,,,N,A,R,20357,0,1,6324,12552310,,,,,,,,,63.000,632.000,,,,,,,,,,,,,,,95.630,96.500,95.820,267300.000,0.003666,95.600,95.960,149754.000,3.000,3.000,95.870,,0.003666,-0.002,-0.002,-0.000,-0.000,-0.002
64186,2001/07/05,,11,1,6324,12550910,CI,C I G N A CORP,,,,N,A,R,20357,0,1,6324,12552310,,,,,,,,,63.000,632.000,,,,,,,,,,,,,,,94.230,95.820,94.600,832400.000,-0.012732,94.500,94.710,149754.000,3.000,3.000,95.820,,-0.012732,-0.012,-0.012,-0.007,-0.007,-0.012
64186,2001/07/06,,11,1,6324,12550910,CI,C I G N A CORP,,,,N,A,R,20357,0,1,6324,12552310,,,,,,,,,63.000,632.000,,,,,,,,,,,,,,,93.100,94.950,93.200,716000.000,-0.014799,92.900,93.360,149754.000,3.000,3.000,94.400,,-0.014799,-0.022,-0.022,-0.012,-0.012,-0.023
64186,2001/07/09,,11,1,6324,12550910,CI,C I G N A CORP,,,,N,A,R,20357,0,1,6324,12552310,,,,,,,,,63.000,632.000,,,,,,,,,,,,,,,92.920,94.500,94.420,517200.000,0.013090,94.410,94.440,149754.000,3.000,3.000,93.200,,0.013090,0.006,0.006,0.002,0.002,0.007
64186,2001/07/10,,11,1,6324,12550910,CI,C I G N A CORP,,,,N,A,R,20357,0,1,6324,12552310,,,,,,,,,63.000,632.000,,,,,,,,,,,,,,,93.810,94.500,93.890,713800.000,-0.005613,93.790,94.000,149754.000,3.000,3.000,94.500,,-0.005613,-0.014,-0.014,-0.009,-0.009,-0.014
64186,2001/07/11,,11,1,6324,12550910,CI,C I G N A CORP,,,,N,A,R,20357,0,1,6324,12552310,,,,,,,,,63.000,632.000,,,,,,,,,,,,,,,93.800,96.000,94.760,711000.000,0.009266,94.700,94.850,149754.000,3.000,3.000,94.200,,0.009266,-0.002,-0.002,-0.005,-0.006,-0.001
64186,2001/07/12,,11,1,6324,12550910,CI,C I G N A CORP,,,,N,A,R,20357,0,1,6324,12552310,,,,,,,,,63.000,632.000,,,,,,,,,,,,,,,94.510,96.810,96.510,710900.000,0.018468,96.400,96.610,149754.000,3.000,3.000,95.500,,0.018468,0.024,0.024,0.015,0.015,0.024
64186,2001/07/13,,11,1,6324,12550910,CI,C I G N A CORP,,,,N,A,R,20357,0,1,6324,12552310,,,,,,,,,63.000,632.000,,,,,,,,,,,,,,,99.400,102.720,99.800,1798900.000,0.034090,99.780,99.810,149754.000,3.000,3.000,99.500,,0.034090,0.005,0.005,0.004,0.004,0.006
64186,2001/07/16,,11,1,6324,12550910,CI,C I G N A CORP,,,,N,A,R,20357,0,1,6324,12552310,,,,,,,,,63.000,632.000,,,,,,,,,,,,,,,99.600,100.950,100.350,822100.000,0.005511,100.240,100.460,149754.000,3.000,3.000,100.800,,0.005511,-0.012,-0.012,-0.007,-0.007,-0.011
64186,2001/07/17,,11,1,6324,12550910,CI,C I G N A CORP,,,,N,A,R,20357,0,1,6324,12552310,,,,,,,,,63.000,632.000,,,,,,,,,,,,,,,99.800,101.440,100.300,827800.000,-0.000498,100.190,100.400,149754.000,3.000,3.000,100.250,,-0.000498,0.011,0.011,0.005,0.005,0.010
64186,2001/07/18,,11,1,6324,12550910,CI,C I G N A CORP,,,,N,A,R,20357,0,1,6324,12552310,,,,,,,,,63.000,632.000,,,,,,,,,,,,,,,100.100,101.750,101.500,744500.000,0.011964,101.390,101.600,149754.000,3.000,3.000,100.500,,0.011964,-0.007,-0.007,-0.008,-0.008,-0.006
64186,2001/07/19,,11,1,6324,12550910,CI,C I G N A CORP,,,,N,A,R,20357,0,1,6324,12552310,,,,,,,,,63.000,632.000,,,,,,,,,,,,,,,100.800,102.400,101.720,420300.000,0.002167,101.540,101.830,149754.000,3.000,3.000,101.450,,0.002167,0.005,0.005,0.005,0.005,0.006
64186,2001/07/20,,11,1,6324,12550910,CI,C I G N A CORP,,,,N,A,R,20357,0,1,6324,12552310,,,,,,,,,63.000,632.000,,,,,,,,,,,,,,,99.830,102.080,99.950,552000.000,-0.017401,99.850,100.060,149754.000,3.000,3.000,101.720,,-0.017401,-0.003,-0.003,0.000,0.000,-0.003
64186,2001/07/23,,11,1,6324,12550910,CI,C I G N A CORP,,,,N,A,R,20357,0,1,6324,12552310,,,,,,,,,63.000,632.000,,,,,,,,,,,,,,,98.900,100.320,99.100,344300.000,-0.008504,99.000,99.210,149754.000,3.000,3.000,99.900,,-0.008504,-0.015,-0.015,-0.006,-0.006,-0.016
64186,2001/07/24,,11,1,6324,12550910,CI,C I G N A CORP,,,,N,A,R,20357,0,1,6324,12552310,,,,,,,,,63.000,632.000,,,,,,,,,,,,,,,97.500,100.000,98.230,603700.000,-0.008779,98.120,98.330,149754.000,3.000,3.000,98.600,,-0.008779,-0.016,-0.016,-0.011,-0.012,-0.016
64186,2001/07/25,,11,1,6324,12550910,CI,C I G N A CORP,,,,N,A,R,20357,0,1,6324,12552310,,,,,,,,,63.000,632.000,,,,,,,,,,,,,,,96.000,98.150,97.840,548400.000,-0.003970,97.740,97.950,149754.000,3.000,3.000,97.000,,-0.003970,0.014,0.014,0.003,0.003,0.016
64186,2001/07/26,,11,1,6324,12550910,CI,C I G N A CORP,,,,N,A,R,20357,0,1,6324,12552310,,,,,,,,,63.000,632.000,,,,,,,,,,,,,,,97.110,99.490,99.410,536700.000,0.016047,99.300,99.510,149754.000,3.000,3.000,97.300,,0.016047,0.012,0.011,0.008,0.008,0.010
64186,2001/07/27,,11,1,6324,12550910,CI,C I G N A CORP,,,,N,A,R,20357,0,1,6324,12552310,,,,,,,,,63.000,632.000,,,,,,,,,,,,,,,98.210,100.190,99.590,503000.000,0.001811,99.490,99.700,149754.000,3.000,3.000,99.200,,0.001811,0.003,0.003,0.004,0.003,0.002
64186,2001/07/30,,11,1,6324,12550910,CI,C I G N A CORP,,,,N,A,R,20357,0,1,6324,12552310,,,,,,,,,63.000,632.000,,,,,,,,,,,,,,,99.250,103.900,101.120,696900.000,0.015363,101.020,101.230,149754.000,3.000,3.000,99.650,,0.015363,-0.001,-0.001,-0.001,-0.001,-0.001
64186,2001/07/31,,11,1,6324,12550910,CI,C I G N A CORP,,,,N,A,R,20357,0,1,6324,12552310,,,,,,,,0.000,63.000,632.000,,,,,,,,,,,,,,,100.000,102.200,100.310,1278500.000,-0.008010,100.210,100.420,149754.000,3.000,3.000,101.130,,-0.008010,0.005,0.005,0.003,0.003,0.006
64186,2001/08/01,,11,1,6324,12550910,CI,C I G N A CORP,,,,N,A,R,20357,0,1,6324,12552310,,,,,,,,,63.000,632.000,,,,,,,,,,,,,,,86.480,89.900,86.650,5737700.000,-0.136178,86.540,86.750,149754.000,3.000,3.000,88.200,,-0.136178,0.005,0.005,0.006,0.006,0.004
64186,2001/08/02,,11,1,6324,12550910,CI,C I G N A CORP,,,,N,A,R,20357,0,1,6324,12552310,,,,,,,,,63.000,632.000,,,,,,,,,,,,,,,86.500,88.500,88.310,2436100.000,0.019157,88.200,88.410,149754.000,3.000,3.000,86.650,,0.019157,0.003,0.003,0.003,0.002,0.004
64186,2001/08/03,,11,1,6324,12550910,CI,C I G N A CORP,,,,N,A,R,20357,0,1,6324,12552310,,,,,,,,,63.000,632.000,,,,,,,,,,,,,,,88.310,88.750,88.600,1318400.000,0.003284,88.500,88.710,149754.000,3.000,3.000,88.310,,0.003284,-0.005,-0.005,0.001,0.000,-0.005
64186,2001/08/06,,11,1,6324,12550910,CI,C I G N A CORP,,,,N,A,R,20357,0,1,6324,12552310,,,,,,,,,63.000,632.000,,,,,,,,,,,,,,,88.500,89.940,89.510,966300.000,0.010271,89.410,89.620,149754.000,3.000,3.000,88.500,,0.010271,-0.011,-0.011,-0.006,-0.006,-0.011
64186,2001/08/07,,11,1,6324,12550910,CI,C I G N A CORP,,,,N,A,R,20357,0,1,6324,12552310,,,,,,,,,63.000,632.000,,,,,,,,,,,,,,,89.340,90.450,89.890,1024300.000,0.004245,89.780,89.990,149754.000,3.000,3.000,89.520,,0.004245,0.002,0.002,-0.000,-0.000,0.003
64186,2001/08/08,,11,1,6324,12550910,CI,C I G N A CORP,,,,N,A,R,20357,0,1,6324,12552310,,,,,,,,,63.000,632.000,,,,,,,,,,,,,,,89.400,90.290,89.760,762200.000,-0.001446,89.650,89.860,149754.000,3.000,3.000,89.550,,-0.001446,-0.017,-0.017,-0.010,-0.010,-0.017
64186,2001/08/09,,11,1,6324,12550910,CI,C I G N A CORP,,,,N,A,R,20357,0,1,6324,12552310,,,,,,,,,63.000,632.000,,,,,,,,,,,,,,,88.270,90.090,89.150,843200.000,-0.006796,89.040,89.250,149754.000,3.000,3.000,89.600,,-0.006796,-0.000,-0.000,-0.001,-0.001,-0.000
64186,2001/08/10,,11,1,6324,12550910,CI,C I G N A CORP,,,,N,A,R,20357,0,1,6324,12552310,,,,,,,,,63.000,632.000,,,,,,,,,,,,,,,88.810,90.750,89.850,636000.000,0.007852,89.740,89.950,149754.000,3.000,3.000,89.150,,0.007852,0.004,0.004,0.001,0.001,0.006
64186,2001/08/13,,11,1,6324,12550910,CI,C I G N A CORP,,,,N,A,R,20357,0,1,6324,12552310,,,,,,,,,63.000,632.000,,,,,,,,,,,,,,,88.500,90.880,88.500,651100.000,-0.015025,88.400,88.610,149754.000,3.000,3.000,90.500,,-0.015025,0.002,0.002,0.003,0.002,0.001
64186,2001/08/14,,11,1,6324,12550910,CI,C I G N A CORP,,,,N,A,R,20357,0,1,6324,12552310,,,,,,,,,63.000,632.000,,,,,,,,,,,,,,,88.300,89.950,89.680,541700.000,0.013333,89.540,89.780,149754.000,3.000,3.000,88.300,,0.013333,-0.002,-0.002,0.002,0.002,-0.004
64186,2001/08/15,,11,1,6324,12550910,CI,C I G N A CORP,,,,N,A,R,20357,0,1,6324,12552310,,,,,,,,,63.000,632.000,,,,,,,,,,,,,,,89.500,90.850,90.100,541400.000,0.004683,90.000,90.210,149754.000,3.000,3.000,89.680,,0.004683,-0.007,-0.007,-0.005,-0.005,-0.007
64186,2001/08/16,,11,1,6324,12550910,CI,C I G N A CORP,,,,N,A,R,20357,0,1,6324,12552310,,,,,,,,,63.000,632.000,,,,,,,,,,,,,,,89.710,90.690,90.520,519400.000,0.004661,90.380,90.730,149754.000,3.000,3.000,90.000,,0.004661,0.002,0.002,-0.002,-0.002,0.003
64186,2001/08/17,,11,1,6324,12550910,CI,C I G N A CORP,,,,N,A,R,20357,0,1,6324,12552310,,,,,,,,,63.000,632.000,,,,,,,,,,,,,,,89.900,90.400,90.170,410300.000,-0.003867,90.060,90.270,149754.000,3.000,3.000,90.270,,-0.003867,-0.016,-0.016,-0.007,-0.007,-0.017
64186,2001/08/20,,11,1,6324,12550910,CI,C I G N A CORP,,,,N,A,R,20357,0,1,6324,12552310,,,,,,,,,63.000,632.000,,,,,,,,,,,,,,,89.950,90.380,90.050,343000.000,-0.001331,89.950,90.160,149754.000,3.000,3.000,90.000,,-0.001331,0.007,0.007,-0.000,-0.000,0.008
64186,2001/08/21,,11,1,6324,12550910,CI,C I G N A CORP,,,,N,A,R,20357,0,1,6324,12552310,,,,,,,,,63.000,632.000,,,,,,,,,,,,,,,90.000,91.280,90.010,482100.000,-0.000444,89.900,90.110,149754.000,3.000,3.000,90.000,,-0.000444,-0.011,-0.011,-0.008,-0.008,-0.012
64186,2001/08/22,,11,1,6324,12550910,CI,C I G N A CORP,,,,N,A,R,20357,0,1,6324,12552310,,,,,,,,,63.000,632.000,,,,,,,,,,,,,,,89.550,91.500,91.160,448900.000,0.012776,91.050,91.260,149754.000,3.000,3.000,90.010,,0.012776,0.007,0.007,0.004,0.004,0.007
64186,2001/08/23,,11,1,6324,12550910,CI,C I G N A CORP,,,,N,A,R,20357,0,1,6324,12552310,,,,,,,,,63.000,632.000,,,,,,,,,,,,,,,90.200,91.850,91.610,557500.000,0.004936,91.490,91.720,149754.000,3.000,3.000,90.700,,0.004936,-0.003,-0.003,-0.004,-0.004,-0.003
64186,2001/08/24,,11,1,6324,12550910,CI,C I G N A CORP,,,,N,A,R,20357,0,1,6324,12552310,,,,,,,,2.000,63.000,632.000,,,,,,,,,,,,,,,89.750,91.610,90.070,654000.000,-0.016810,89.970,90.180,149754.000,3.000,3.000,91.610,,-0.016810,0.018,0.018,0.011,0.011,0.020
64186,2001/08/27,,11,1,6324,12550910,CI,C I G N A CORP,,,,N,A,R,20357,0,1,6324,12552310,,,,,,,,,63.000,632.000,,,,,,,,,,,,,,,89.320,91.100,90.460,547700.000,0.004330,90.350,90.590,149754.000,3.000,3.000,89.600,,0.004330,-0.004,-0.004,-0.002,-0.002,-0.005
64186,2001/08/28,,11,1,6324,12550910,CI,C I G N A CORP,,,,N,A,R,20357,0,1,6324,12552310,,,,,,,,,63.000,632.000,,,,,,,,,,,,,,,90.510,91.350,91.000,574200.000,0.005969,90.900,91.110,149754.000,3.000,3.000,90.700,,0.005969,-0.014,-0.014,-0.007,-0.007,-0.015
64186,2001/08/29,,11,1,6324,12550910,CI,C I G N A CORP,,,,N,A,R,20357,0,1,6324,12552310,,,,,,,,,63.000,632.000,,,,,,,,,,,,,,,91.080,92.350,91.440,628800.000,0.004835,91.340,91.550,149754.000,3.000,3.000,91.300,,0.004835,-0.010,-0.010,-0.003,-0.003,-0.011
64186,2001/08/30,,11,1,6324,12550910,CI,C I G N A CORP,,,,N,A,R,20357,0,1,6324,12552310,,,,,,,,,63.000,632.000,,,,,,,,,,,,,,,90.700,91.850,91.000,561500.000,-0.004812,90.650,91.170,149754.000,3.000,3.000,91.350,,-0.004812,-0.016,-0.016,-0.009,-0.009,-0.017
64186,2001/08/31,,11,1,6324,12550910,CI,C I G N A CORP,,,,N,A,R,20357,0,1,6324,12552310,,,,,,,,0.000,63.000,632.000,,,,,,,,,,,,,,,90.000,91.480,90.000,557300.000,-0.010989,89.900,90.400,149754.000,3.000,3.000,91.200,,-0.010989,0.004,0.004,0.006,0.006,0.004
64186,2001/09/04,,11,1,6324,12550910,CI,C I G N A CORP,,,,N,A,R,20357,0,1,6324,12552310,,,,,,,,,63.000,632.000,,,,,,,,,,,,,,,90.000,91.840,91.200,644300.000,0.013333,91.090,91.300,149754.000,3.000,3.000,90.100,,0.013333,-0.002,-0.002,-0.006,-0.006,-0.001
64186,2001/09/05,,11,1,6324,12550910,CI,C I G N A CORP,,,,N,A,R,20357,0,1,6324,12552310,,,,,,,,,63.000,632.000,,,,,,,,,,,,,,,89.450,91.510,90.710,558700.000,-0.005373,90.610,90.820,149754.000,3.000,3.000,91.200,,-0.005373,-0.003,-0.003,-0.009,-0.009,-0.001
64186,2001/09/06,,11,1,6324,12550910,CI,C I G N A CORP,,,,N,A,R,20357,0,1,6324,12552310,,,,,,,,,63.000,632.000,,,,,,,,,,,,,,,89.500,91.000,89.850,517400.000,-0.009481,89.750,89.960,149754.000,3.000,3.000,90.650,,-0.009481,-0.021,-0.021,-0.014,-0.014,-0.022
64186,2001/09/07,,11,1,6324,12550910,CI,C I G N A CORP,,,,N,A,R,20357,0,1,6324,12552310,,,,,,,,,63.000,632.000,,,,,,,,,,,,,,,86.000,89.000,86.550,1015700.000,-0.036728,86.450,86.660,149754.000,3.000,3.000,89.000,,-0.036728,-0.018,-0.018,-0.012,-0.012,-0.019
64186,2001/09/10,,11,1,6324,12550910,CI,C I G N A CORP,,,,N,A,R,20357,0,1,6324,12552310,2001/07/25,,,,,2001/10/10,2001/09/12,0.000,63.000,632.000,1232.000,0.320,0.000,0.000,,,,,,,,,,,86.200,89.400,88.770,724500.000,0.029347,88.660,88.870,149754.000,3.000,3.000,86.240,,0.025650,0.004,0.004,-0.007,-0.007,0.006
64186,2001/09/17,,11,1,6324,12550910,CI,C I G N A CORP,,,,N,A,R,20357,0,1,6324,12552310,,,,,,,,,63.000,632.000,,,,,,,,,,,,,,,84.350,87.010,85.510,1382500.000,-0.036724,85.400,85.680,149754.000,3.000,3.000,87.000,,-0.036724,-0.051,-0.051,-0.042,-0.043,-0.049
64186,2001/09/18,,11,1,6324,12550910,CI,C I G N A CORP,,,,N,A,R,20357,0,1,6324,12552310,,,,,,,,,63.000,632.000,,,,,,,,,,,,,,,85.300,87.100,86.640,890300.000,0.013215,86.600,86.750,149754.000,3.000,3.000,85.500,,0.013215,-0.008,-0.008,-0.010,-0.010,-0.006
64186,2001/09/19,,11,1,6324,12550910,CI,C I G N A CORP,,,,N,A,R,20357,0,1,6324,12552310,,,,,,,,,63.000,632.000,,,,,,,,,,,,,,,84.520,86.900,85.250,1344300.000,-0.016043,85.150,85.630,149754.000,3.000,3.000,86.750,,-0.016043,-0.017,-0.017,-0.024,-0.024,-0.016
64186,2001/09/20,,11,1,6324,12550910,CI,C I G N A CORP,,,,N,A,R,20357,0,1,6324,12552310,,,,,,,,,63.000,632.000,,,,,,,,,,,,,,,81.900,84.070,82.350,1147700.000,-0.034018,82.180,82.490,149754.000,3.000,3.000,83.750,,-0.034018,-0.031,-0.031,-0.033,-0.033,-0.031
64186,2001/09/21,,11,1,6324,12550910,CI,C I G N A CORP,,,,N,A,R,20357,0,1,6324,12552310,,,,,,,,,63.000,632.000,,,,,,,,,,,,,,,78.760,81.400,79.900,1490800.000,-0.029751,79.730,79.980,149754.000,3.000,3.000,80.930,,-0.029751,-0.019,-0.019,-0.020,-0.020,-0.019
64186,2001/09/24,,11,1,6324,12550910,CI,C I G N A CORP,,,,N,A,R,20357,0,1,6324,12552310,,,,,,,,,63.000,632.000,,,,,,,,,,,,,,,77.200,80.350,78.030,1515400.000,-0.023404,77.840,78.150,149754.000,3.000,3.000,79.950,,-0.023404,0.038,0.038,0.033,0.033,0.039
64186,2001/09/25,,11,1,6324,12550910,CI,C I G N A CORP,,,,N,A,R,20357,0,1,6324,12552310,,,,,,,,,63.000,632.000,,,,,,,,,,,,,,,75.500,77.950,77.580,2180600.000,-0.005767,77.450,77.660,149754.000,3.000,3.000,77.950,,-0.005767,0.008,0.008,0.004,0.004,0.009
64186,2001/09/26,,11,1,6324,12550910,CI,C I G N A CORP,,,,N,A,R,20357,0,1,6324,12552310,,,,,,,,,63.000,632.000,,,,,,,,,,,,,,,77.410,80.200,79.990,1706400.000,0.031065,79.890,80.100,149754.000,3.000,3.000,77.600,,0.031065,-0.006,-0.006,-0.010,-0.010,-0.005
64186,2001/09/27,,11,1,6324,12550910,CI,C I G N A CORP,,,,N,A,R,20357,0,1,6324,12552310,,,,,,,,,63.000,632.000,,,,,,,,,,,,,,,79.500,80.300,80.150,1612300.000,0.002000,80.040,80.250,149754.000,3.000,3.000,80.240,,0.002000,0.011,0.011,-0.001,-0.001,0.011
64186,2001/09/28,,11,1,6324,12550910,CI,C I G N A CORP,,,,N,A,R,20357,0,1,6324,12552310,,,,,,,,0.000,63.000,632.000,,,,,,,,,,,,,,,80.410,83.000,82.950,1205100.000,0.034934,82.840,83.050,148143.000,3.000,3.000,81.000,,0.034934,0.023,0.023,0.025,0.025,0.022
64186,2001/10/01,,11,1,6324,12550910,CI,C I G N A CORP,,,,N,A,R,20357,0,1,6324,12552310,,,,,,,,,63.000,632.000,,,,,,,,,,,,,,,81.500,84.000,82.920,1008600.000,-0.000362,82.810,83.020,148143.000,3.000,3.000,83.500,,-0.000362,-0.004,-0.004,-0.010,-0.010,-0.002
64186,2001/10/02,,11,1,6324,12550910,CI,C I G N A CORP,,,,N,A,R,20357,0,1,6324,12552310,,,,,,,,,63.000,632.000,,,,,,,,,,,,,,,82.500,83.200,83.150,709300.000,0.002774,83.050,83.260,148143.000,3.000,3.000,82.900,,0.002774,0.012,0.012,0.007,0.007,0.012
64186,2001/10/03,,11,1,6324,12550910,CI,C I G N A CORP,,,,N,A,R,20357,0,1,6324,12552310,,,,,,,,,63.000,632.000,,,,,,,,,,,,,,,82.800,85.750,84.700,951200.000,0.018641,84.590,84.800,148143.000,3.000,3.000,83.150,,0.018641,0.022,0.022,0.021,0.021,0.020
64186,2001/10/04,,11,1,6324,12550910,CI,C I G N A CORP,,,,N,A,R,20357,0,1,6324,12552310,,,,,,,,,63.000,632.000,,,,,,,,,,,,,,,84.000,85.400,84.750,476800.000,0.000590,84.650,84.860,148143.000,3.000,3.000,85.200,,0.000590,-0.000,-0.000,0.011,0.011,-0.002
64186,2001/10/05,,11,1,6324,12550910,CI,C I G N A CORP,,,,N,A,R,20357,0,1,6324,12552310,,,,,,,,,63.000,632.000,,,,,,,,,,,,,,,82.430,85.500,84.800,705600.000,0.000590,84.690,84.900,148143.000,3.000,3.000,85.250,,0.000590,0.000,0.000,0.001,0.000,0.002
64186,2001/10/08,,11,1,6324,12550910,CI,C I G N A CORP,,,,N,A,R,20357,0,1,6324,12552310,,,,,,,,,63.000,632.000,,,,,,,,,,,,,,,82.000,84.810,82.400,664000.000,-0.028302,82.300,82.510,148143.000,3.000,3.000,84.810,,-0.028302,-0.008,-0.008,-0.002,-0.002,-0.008
64186,2001/10/09,,11,1,6324,12550910,CI,C I G N A CORP,,,,N,A,R,20357,0,1,6324,12552310,,,,,,,,,63.000,632.000,,,,,,,,,,,,,,,81.870,84.400,84.100,682700.000,0.020631,83.980,84.250,148143.000,3.000,3.000,82.000,,0.020631,-0.005,-0.005,-0.004,-0.004,-0.005
64186,2001/10/10,,11,1,6324,12550910,CI,C I G N A CORP,,,,N,A,R,20357,0,1,6324,12552310,,,,,,,,,63.000,632.000,,,,,,,,,,,,,,,83.740,85.400,84.950,477600.000,0.010107,84.850,85.060,148143.000,3.000,3.000,84.900,,0.010107,0.023,0.023,0.019,0.019,0.023
64186,2001/10/11,,11,1,6324,12550910,CI,C I G N A CORP,,,,N,A,R,20357,0,1,6324,12552310,,,,,,,,,63.000,632.000,,,,,,,,,,,,,,,84.100,85.940,84.100,596100.000,-0.010006,84.000,84.360,148143.000,3.000,3.000,85.030,,-0.010006,0.017,0.017,0.019,0.019,0.015
64186,2001/10/12,,11,1,6324,12550910,CI,C I G N A CORP,,,,N,A,R,20357,0,1,6324,12552310,,,,,,,,,63.000,632.000,,,,,,,,,,,,,,,81.990,84.150,83.190,712200.000,-0.010820,83.080,83.290,148143.000,3.000,3.000,84.110,,-0.010820,-0.005,-0.005,0.000,0.000,-0.005
64186,2001/10/15,,11,1,6324,12550910,CI,C I G N A CORP,,,,N,A,R,20357,0,1,6324,12552310,,,,,,,,,63.000,632.000,,,,,,,,,,,,,,,82.310,83.980,83.530,533700.000,0.004087,83.530,83.740,148143.000,3.000,3.000,83.000,,0.004087,-0.001,-0.001,0.003,0.003,-0.002
64186,2001/10/16,,11,1,6324,12550910,CI,C I G N A CORP,,,,N,A,R,20357,0,1,6324,12552310,,,,,,,,,63.000,632.000,,,,,,,,,,,,,,,83.450,85.200,84.670,427600.000,0.013648,84.670,84.680,148143.000,3.000,3.000,83.900,,0.013648,0.008,0.008,0.011,0.011,0.007
64186,2001/10/17,,11,1,6324,12550910,CI,C I G N A CORP,,,,N,A,R,20357,0,1,6324,12552310,,,,,,,,,63.000,632.000,,,,,,,,,,,,,,,82.000,84.800,83.490,720000.000,-0.013936,83.380,83.500,148143.000,3.000,3.000,84.750,,-0.013936,-0.019,-0.019,-0.006,-0.006,-0.019
64186,2001/10/18,,11,1,6324,12550910,CI,C I G N A CORP,,,,N,A,R,20357,0,1,6324,12552310,,,,,,,,,63.000,632.000,,,,,,,,,,,,,,,79.750,83.500,80.380,885500.000,-0.037250,80.280,80.490,148143.000,3.000,3.000,83.000,,-0.037250,-0.007,-0.007,-0.005,-0.005,-0.008
64186,2001/10/19,,11,1,6324,12550910,CI,C I G N A CORP,,,,N,A,R,20357,0,1,6324,12552310,,,,,,,,,63.000,632.000,,,,,,,,,,,,,,,78.800,80.400,80.040,798600.000,-0.004230,79.910,80.150,148143.000,3.000,3.000,79.850,,-0.004230,0.005,0.005,0.005,0.005,0.005
64186,2001/10/22,,11,1,6324,12550910,CI,C I G N A CORP,,,,N,A,R,20357,0,1,6324,12552310,,,,,,,,,63.000,632.000,,,,,,,,,,,,,,,78.000,80.230,80.090,1076400.000,0.000625,79.940,80.190,148143.000,3.000,3.000,79.900,,0.000625,0.015,0.015,0.008,0.008,0.015
64186,2001/10/23,,11,1,6324,12550910,CI,C I G N A CORP,,,,N,A,R,20357,0,1,6324,12552310,,,,,,,,,63.000,632.000,,,,,,,,,,,,,,,79.000,80.200,79.350,521300.000,-0.009240,79.220,79.500,148143.000,3.000,3.000,80.160,,-0.009240,-0.004,-0.004,0.000,0.000,-0.005
64186,2001/10/24,,11,1,6324,12550910,CI,C I G N A CORP,,,,N,A,R,20357,0,1,6324,12552310,,,,,,,,,63.000,632.000,,,,,,,,,,,,,,,77.000,78.850,77.490,1203700.000,-0.023440,77.390,77.600,148143.000,3.000,3.000,78.750,,-0.023440,0.001,0.001,0.004,0.004,0.000
64186,2001/10/25,,11,1,6324,12550910,CI,C I G N A CORP,,,,N,A,R,20357,0,1,6324,12552310,,,,,,,,,63.000,632.000,,,,,,,,,,,,,,,76.000,77.990,77.300,1140100.000,-0.002452,77.160,77.470,148143.000,3.000,3.000,77.400,,-0.002452,0.014,0.014,0.011,0.011,0.014
64186,2001/10/26,,11,1,6324,12550910,CI,C I G N A CORP,,,,N,A,R,20357,0,1,6324,12552310,,,,,,,,,63.000,632.000,,,,,,,,,,,,,,,76.500,77.580,77.050,614700.000,-0.003234,76.950,77.160,148143.000,3.000,3.000,77.300,,-0.003234,0.004,0.004,0.007,0.007,0.004
64186,2001/10/29,,11,1,6324,12550910,CI,C I G N A CORP,,,,N,A,R,20357,0,1,6324,12552310,,,,,,,,,63.000,632.000,,,,,,,,,,,,,,,74.770,77.030,76.100,925900.000,-0.012330,76.000,76.210,148143.000,3.000,3.000,76.930,,-0.012330,-0.023,-0.023,-0.009,-0.009,-0.024
64186,2001/10/30,,11,1,6324,12550910,CI,C I G N A CORP,,,,N,A,R,20357,0,1,6324,12552310,,,,,,,,,63.000,632.000,,,,,,,,,,,,,,,74.100,76.290,74.440,687100.000,-0.021813,74.340,74.560,148143.000,3.000,3.000,76.100,,-0.021813,-0.017,-0.017,-0.011,-0.012,-0.017
64186,2001/10/31,,11,1,6324,12550910,CI,C I G N A CORP,,,,N,A,R,20357,0,1,6324,12552310,,,,,,,,0.000,63.000,632.000,,,,,,,,,,,,,,,72.000,75.000,72.900,1298700.000,-0.020688,72.550,73.040,148147.000,3.000,3.000,75.000,,-0.020688,0.002,0.002,0.011,0.011,-0.000
64186,2001/11/01,,11,1,6324,12550910,CI,C I G N A CORP,,,,N,A,R,20357,0,1,6324,12552310,,,,,,,,,63.000,632.000,,,,,,,,,,,,,,,69.860,72.900,71.610,2603200.000,-0.017695,71.500,71.710,148147.000,3.000,3.000,72.900,,-0.017695,0.021,0.021,0.009,0.009,0.023
64186,2001/11/02,,11,1,6324,12550910,CI,C I G N A CORP,,,,N,A,R,20357,0,1,6324,12552310,,,,,,,,,63.000,632.000,,,,,,,,,,,,,,,76.500,81.590,79.900,3605800.000,0.115766,79.800,80.010,148147.000,3.000,3.000,76.500,,0.115766,0.002,0.002,-0.001,-0.001,0.003
64186,2001/11/05,,11,1,6324,12550910,CI,C I G N A CORP,,,,N,A,R,20357,0,1,6324,12552310,,,,,,,,,63.000,632.000,,,,,,,,,,,,,,,80.700,82.500,80.910,1208900.000,0.012641,80.810,81.070,148147.000,3.000,3.000,80.750,,0.012641,0.014,0.014,0.008,0.008,0.014
64186,2001/11/06,,11,1,6324,12550910,CI,C I G N A CORP,,,,N,A,R,20357,0,1,6324,12552310,,,,,,,,,63.000,632.000,,,,,,,,,,,,,,,80.960,84.730,83.490,1005700.000,0.031887,83.490,83.500,148147.000,3.000,3.000,80.960,,0.031887,0.014,0.014,0.007,0.007,0.015
64186,2001/11/07,,11,1,6324,12550910,CI,C I G N A CORP,,,,N,A,R,20357,0,1,6324,12552310,,,,,,,,,63.000,632.000,,,,,,,,,,,,,,,80.100,83.950,80.100,1619000.000,-0.040604,79.900,80.360,148147.000,3.000,3.000,83.500,,-0.040604,-0.002,-0.002,0.001,0.001,-0.003
64186,2001/11/08,,11,1,6324,12550910,CI,C I G N A CORP,,,,N,A,R,20357,0,1,6324,12552310,,,,,,,,,63.000,632.000,,,,,,,,,,,,,,,80.260,82.880,81.750,790300.000,0.020599,81.630,81.930,148147.000,3.000,3.000,80.260,,0.020599,0.001,0.001,0.003,0.003,0.002
64186,2001/11/09,,11,1,6324,12550910,CI,C I G N A CORP,,,,N,A,R,20357,0,1,6324,12552310,,,,,,,,,63.000,632.000,,,,,,,,,,,,,,,80.950,82.340,81.060,839700.000,-0.008440,80.960,81.170,148147.000,3.000,3.000,81.750,,-0.008440,0.001,0.001,0.003,0.003,0.002
64186,2001/11/12,,11,1,6324,12550910,CI,C I G N A CORP,,,,N,A,R,20357,0,1,6324,12552310,,,,,,,,,63.000,632.000,,,,,,,,,,,,,,,80.010,83.100,81.920,626200.000,0.010609,81.820,82.030,148147.000,3.000,3.000,81.310,,0.010609,-0.001,-0.001,0.001,0.001,-0.002
64186,2001/11/13,,11,1,6324,12550910,CI,C I G N A CORP,,,,N,A,R,20357,0,1,6324,12552310,,,,,,,,,63.000,632.000,,,,,,,,,,,,,,,82.500,84.990,84.100,699200.000,0.026611,83.950,84.340,148147.000,3.000,3.000,82.500,,0.026611,0.019,0.018,0.014,0.014,0.019
64186,2001/11/14,,11,1,6324,12550910,CI,C I G N A CORP,,,,N,A,R,20357,0,1,6324,12552310,,,,,,,,,63.000,632.000,,,,,,,,,,,,,,,83.690,85.800,83.930,755500.000,-0.002021,83.600,84.030,148147.000,3.000,3.000,84.500,,-0.002021,0.003,0.003,0.008,0.007,0.002
64186,2001/11/15,,11,1,6324,12550910,CI,C I G N A CORP,,,,N,A,R,20357,0,1,6324,12552310,,,,,,,,,63.000,632.000,,,,,,,,,,,,,,,83.450,84.950,84.050,595100.000,0.001430,83.940,84.150,148147.000,3.000,3.000,84.430,,0.001430,0.000,0.000,0.000,0.000,0.001
64186,2001/11/16,,11,1,6324,12550910,CI,C I G N A CORP,,,,N,A,R,20357,0,1,6324,12552310,,,,,,,,,63.000,632.000,,,,,,,,,,,,,,,84.650,86.350,85.850,986500.000,0.021416,85.740,85.950,148147.000,3.000,3.000,85.200,,0.021416,-0.002,-0.002,0.006,0.006,-0.003
64186,2001/11/19,,11,1,6324,12550910,CI,C I G N A CORP,,,,N,A,R,20357,0,1,6324,12552310,,,,,,,,,63.000,632.000,,,,,,,,,,,,,,,85.500,89.000,88.170,1052900.000,0.027024,88.060,88.270,148147.000,3.000,3.000,86.000,,0.027024,0.012,0.012,0.012,0.012,0.011
64186,2001/11/20,,11,1,6324,12550910,CI,C I G N A CORP,,,,N,A,R,20357,0,1,6324,12552310,,,,,,,,,63.000,632.000,,,,,,,,,,,,,,,86.800,89.200,87.900,913800.000,-0.003062,87.790,88.000,148147.000,3.000,3.000,88.000,,-0.003062,-0.008,-0.008,-0.005,-0.005,-0.007
64186,2001/11/21,,11,1,6324,12550910,CI,C I G N A CORP,,,,N,A,R,20357,0,1,6324,12552310,,,,,,,,,63.000,632.000,,,,,,,,,,,,,,,87.400,90.000,88.350,743300.000,0.005119,88.200,88.460,148147.000,3.000,3.000,88.100,,0.005119,-0.004,-0.005,0.000,0.000,-0.005
64186,2001/11/23,,11,1,6324,12550910,CI,C I G N A CORP,,,,N,A,R,20357,0,1,6324,12552310,,,,,,,,,63.000,632.000,,,,,,,,,,,,,,,88.350,89.750,89.240,236700.000,0.010074,89.120,89.340,148147.000,3.000,3.000,88.350,,0.010074,0.012,0.012,0.010,0.010,0.012
64186,2001/11/26,,11,1,6324,12550910,CI,C I G N A CORP,,,,N,A,R,20357,0,1,6324,12552310,,,,,,,,,63.000,632.000,,,,,,,,,,,,,,,88.700,90.010,90.000,1038500.000,0.008516,89.800,89.940,148147.000,3.000,3.000,90.000,,0.008516,0.007,0.007,0.006,0.006,0.006
64186,2001/11/27,,11,1,6324,12550910,CI,C I G N A CORP,,,,N,A,R,20357,0,1,6324,12552310,,,,,,,,,63.000,632.000,,,,,,,,,,,,,,,88.500,90.900,90.400,1041200.000,0.004444,90.070,90.300,148147.000,3.000,3.000,88.750,,0.004444,-0.005,-0.005,0.002,0.002,-0.007
64186,2001/11/28,,11,1,6324,12550910,CI,C I G N A CORP,,,,N,A,R,20357,0,1,6324,12552310,,,,,,,,,63.000,632.000,,,,,,,,,,,,,,,89.500,90.900,90.290,806000.000,-0.001217,90.190,90.400,148147.000,3.000,3.000,89.500,,-0.001217,-0.017,-0.018,-0.010,-0.010,-0.018
64186,2001/11/29,,11,1,6324,12550910,CI,C I G N A CORP,,,,N,A,R,20357,0,1,6324,12552310,,,,,,,,,63.000,632.000,,,,,,,,,,,,,,,89.250,91.500,91.160,594000.000,0.009636,91.050,91.270,148147.000,3.000,3.000,89.800,,0.009636,0.011,0.011,0.009,0.009,0.010
64186,2001/11/30,,11,1,6324,12550910,CI,C I G N A CORP,,,,N,A,R,20357,0,1,6324,12552310,,,,,,,,0.000,63.000,632.000,,,,,,,,,,,,,,,90.600,92.000,91.230,697600.000,0.000768,91.120,91.330,144627.000,3.000,3.000,91.000,,0.000768,-0.001,-0.001,0.001,0.001,-0.001
64186,2001/12/03,,11,1,6324,12550910,CI,C I G N A CORP,,,,N,A,R,20357,0,1,6324,12552310,,,,,,,,,63.000,632.000,,,,,,,,,,,,,,,89.900,91.790,91.150,913300.000,-0.000877,91.000,91.350,144627.000,3.000,3.000,90.200,,-0.000877,-0.008,-0.008,-0.007,-0.007,-0.008
64186,2001/12/04,,11,1,6324,12550910,CI,C I G N A CORP,,,,N,A,R,20357,0,1,6324,12552310,,,,,,,,,63.000,632.000,,,,,,,,,,,,,,,90.030,91.750,91.500,795400.000,0.003840,91.460,91.500,144627.000,3.000,3.000,91.200,,0.003840,0.015,0.015,0.012,0.012,0.013
64186,2001/12/05,,11,1,6324,12550910,CI,C I G N A CORP,,,,N,A,R,20357,0,1,6324,12552310,,,,,,,,,63.000,632.000,,,,,,,,,,,,,,,89.750,91.810,91.150,860900.000,-0.003825,91.050,91.260,144627.000,3.000,3.000,90.500,,-0.003825,0.023,0.023,0.017,0.017,0.022
64186,2001/12/06,,11,1,6324,12550910,CI,C I G N A CORP,,,,N,A,R,20357,0,1,6324,12552310,,,,,,,,,63.000,632.000,,,,,,,,,,,,,,,91.200,93.300,92.950,547300.000,0.019748,92.840,93.050,144627.000,3.000,3.000,91.650,,0.019748,-0.001,-0.001,0.006,0.006,-0.003
64186,2001/12/07,,11,1,6324,12550910,CI,C I G N A CORP,,,,N,A,R,20357,0,1,6324,12552310,,,,,,,,,63.000,632.000,,,,,,,,,,,,,,,92.000,94.900,94.300,730200.000,0.014524,94.190,94.400,144627.000,3.000,3.000,92.000,,0.014524,-0.007,-0.007,0.002,0.002,-0.008
64186,2001/12/10,,11,1,6324,12550910,CI,C I G N A CORP,,,,N,A,R,20357,0,1,6324,12552310,,,,,,,,,63.000,632.000,,,,,,,,,,,,,,,91.800,93.700,91.800,675200.000,-0.026511,91.700,91.910,144627.000,3.000,3.000,93.000,,-0.026511,-0.015,-0.015,-0.007,-0.007,-0.016
64186,2001/12/11,,11,1,6324,12550910,CI,C I G N A CORP,,,,N,A,R,20357,0,1,6324,12552310,,,,,,,,,63.000,632.000,,,,,,,,,,,,,,,91.690,92.450,91.940,510000.000,0.001525,91.830,92.040,144627.000,3.000,3.000,92.250,,0.001525,-0.002,-0.002,0.003,0.003,-0.003
64186,2001/12/12,,11,1,6324,12550910,CI,C I G N A CORP,,,,N,A,R,20357,0,1,6324,12552310,,,,,,,,,63.000,632.000,,,,,,,,,,,,,,,90.430,92.200,90.910,472700.000,-0.011203,90.800,91.010,144627.000,3.000,3.000,91.940,,-0.011203,0.001,0.000,0.002,0.002,0.000
64186,2001/12/13,,11,1,6324,12550910,CI,C I G N A CORP,,,,N,A,R,20357,0,1,6324,12552310,2001/10/24,,,,,2002/01/10,2001/12/13,0.000,63.000,632.000,1232.000,0.320,0.000,0.000,,,,,,,,,,,89.410,90.300,89.740,605700.000,-0.009350,89.370,90.180,144627.000,3.000,3.000,90.250,,-0.012870,-0.015,-0.015,-0.008,-0.008,-0.016
64186,2001/12/14,,11,1,6324,12550910,CI,C I G N A CORP,,,,N,A,R,20357,0,1,6324,12552310,,,,,,,,,63.000,632.000,,,,,,,,,,,,,,,88.920,89.800,89.400,801900.000,-0.003789,89.070,89.790,144627.000,3.000,3.000,89.800,,-0.003789,0.003,0.003,0.002,0.002,0.003
64186,2001/12/17,,11,1,6324,12550910,CI,C I G N A CORP,,,,N,A,R,20357,0,1,6324,12552310,,,,,,,,,63.000,632.000,,,,,,,,,,,,,,,88.400,90.100,89.000,1009500.000,-0.004474,88.610,89.390,144627.000,3.000,3.000,88.750,,-0.004474,0.010,0.010,0.005,0.005,0.010
64186,2001/12/18,,11,1,6324,12550910,CI,C I G N A CORP,,,,N,A,R,20357,0,1,6324,12552310,,,,,,,,,63.000,632.000,,,,,,,,,,,,,,,89.470,90.340,90.200,723300.000,0.013483,90.020,90.070,144627.000,3.000,3.000,89.900,,0.013483,0.008,0.008,0.007,0.007,0.008
64186,2001/12/19,,11,1,6324,12550910,CI,C I G N A CORP,,,,N,A,R,20357,0,1,6324,12552310,,,,,,,,,63.000,632.000,,,,,,,,,,,,,,,89.000,91.860,91.790,648800.000,0.017628,91.370,92.250,144627.000,3.000,3.000,89.000,,0.017628,0.004,0.004,-0.003,-0.003,0.006
64186,2001/12/20,,11,1,6324,12550910,CI,C I G N A CORP,,,,N,A,R,20357,0,1,6324,12552310,,,,,,,,,63.000,632.000,,,,,,,,,,,,,,,90.400,92.250,92.250,607700.000,0.005011,91.170,92.540,144627.000,3.000,3.000,91.790,,0.005011,-0.009,-0.009,-0.009,-0.009,-0.008
64186,2001/12/21,,11,1,6324,12550910,CI,C I G N A CORP,,,,N,A,R,20357,0,1,6324,12552310,,,,,,,,,63.000,632.000,,,,,,,,,,,,,,,89.600,91.290,89.950,1080700.000,-0.024932,89.750,90.480,144627.000,3.000,3.000,91.050,,-0.024932,0.006,0.006,0.010,0.010,0.004
64186,2001/12/24,,11,1,6324,12550910,CI,C I G N A CORP,,,,N,A,R,20357,0,1,6324,12552310,,,,,,,,,63.000,632.000,,,,,,,,,,,,,,,89.000,90.300,90.100,181700.000,0.001668,90.090,90.110,144627.000,3.000,3.000,89.000,,0.001668,0.000,0.000,0.004,0.004,-0.000
64186,2001/12/26,,11,1,6324,12550910,CI,C I G N A CORP,,,,N,A,R,20357,0,1,6324,12552310,,,,,,,,,63.000,632.000,,,,,,,,,,,,,,,89.850,91.100,90.650,345600.000,0.006104,90.300,91.100,144627.000,3.000,3.000,89.850,,0.006104,0.005,0.005,0.007,0.007,0.004
64186,2001/12/27,,11,1,6324,12550910,CI,C I G N A CORP,,,,N,A,R,20357,0,1,6324,12552310,,,,,,,,,63.000,632.000,,,,,,,,,,,,,,,90.000,91.550,91.420,384200.000,0.008494,91.100,91.840,144627.000,3.000,3.000,90.000,,0.008494,0.007,0.007,0.008,0.008,0.007
64186,2001/12/28,,11,1,6324,12550910,CI,C I G N A CORP,,,,N,A,R,20357,0,1,6324,12552310,,,,,,,,,63.000,632.000,,,,,,,,,,,,,,,91.600,93.120,92.860,448600.000,0.015752,92.420,93.270,144627.000,3.000,3.000,91.670,,0.015752,0.004,0.004,0.009,0.009,0.003
64186,2001/12/31,,11,1,6324,12550910,CI,C I G N A CORP,,,,N,A,R,20357,0,1,6324,12552310,,,,,,,,0.000,63.000,632.000,,,,,,,,,,,,,,,91.850,93.900,92.650,400500.000,-0.002261,92.510,93.080,144627.000,3.000,3.000,92.200,,-0.002261,-0.010,-0.010,0.007,0.007,-0.011
64186,2002/01/02,2004/06/09,11,1,6324,12550910,CI,C I G N A CORP,,CI,,N,A,R,20357,0,1,6324,12552310,,,,,,,,2.000,63.000,632.000,,,,,,,,,,,,,,,90.200,92.500,92.110,526300.000,-0.005828,91.670,92.390,144627.000,3.000,3.000,92.500,,-0.005828,0.004,0.004,0.008,0.008,0.006
64186,2002/01/03,,11,1,6324,12550910,CI,C I G N A CORP,,CI,,N,A,R,20357,0,1,6324,12552310,,,,,,,,,63.000,632.000,,,,,,,,,,,,,,,90.310,92.100,91.540,394700.000,-0.006188,91.150,91.960,144627.000,3.000,3.000,91.860,,-0.006188,0.010,0.010,0.013,0.013,0.009
64186,2002/01/04,,11,1,6324,12550910,CI,C I G N A CORP,,CI,,N,A,R,20357,0,1,6324,12552310,,,,,,,,,63.000,632.000,,,,,,,,,,,,,,,91.300,92.490,92.240,523500.000,0.007647,91.710,92.300,144627.000,3.000,3.000,91.700,,0.007647,0.007,0.007,0.011,0.011,0.006
64186,2002/01/07,,11,1,6324,12550910,CI,C I G N A CORP,,CI,,N,A,R,20357,0,1,6324,12552310,,,,,,,,,63.000,632.000,,,,,,,,,,,,,,,91.300,92.390,91.500,454200.000,-0.008023,90.990,91.840,144627.000,3.000,3.000,91.900,,-0.008023,-0.007,-0.007,-0.000,-0.000,-0.006
64186,2002/01/08,,11,1,6324,12550910,CI,C I G N A CORP,,CI,,N,A,R,20357,0,1,6324,12552310,,,,,,,,,63.000,632.000,,,,,,,,,,,,,,,89.500,91.250,91.000,627100.000,-0.005464,90.500,91.390,144627.000,3.000,3.000,91.150,,-0.005464,-0.002,-0.003,0.005,0.005,-0.004
64186,2002/01/09,,11,1,6324,12550910,CI,C I G N A CORP,,CI,,N,A,R,20357,0,1,6324,12552310,,,,,,,,,63.000,632.000,,,,,,,,,,,,,,,91.200,94.350,93.210,596700.000,0.024286,92.820,93.630,144627.000,3.000,3.000,91.250,,0.024286,-0.004,-0.004,0.001,0.001,-0.005
64186,2002/01/10,,11,1,6324,12550910,CI,C I G N A CORP,,CI,,N,A,R,20357,0,1,6324,12552310,,,,,,,,,63.000,632.000,,,,,,,,,,,,,,,91.750,93.250,92.500,569600.000,-0.007617,92.080,92.880,144627.000,3.000,3.000,92.500,,-0.007617,0.001,0.001,0.000,0.000,0.001
64186,2002/01/11,,11,1,6324,12550910,CI,C I G N A CORP,,CI,,N,A,R,20357,0,1,6324,12552310,,,,,,,,,63.000,632.000,,,,,,,,,,,,,,,91.350,93.800,93.200,509600.000,0.007568,92.810,93.580,144627.000,3.000,3.000,92.100,,0.007568,-0.009,-0.009,-0.004,-0.004,-0.009
64186,2002/01/14,,11,1,6324,12550910,CI,C I G N A CORP,,CI,,N,A,R,20357,0,1,6324,12552310,,,,,,,,,63.000,632.000,,,,,,,,,,,,,,,92.800,94.570,93.490,502400.000,0.003112,93.460,93.490,144627.000,3.000,3.000,93.200,,0.003112,-0.008,-0.008,-0.010,-0.010,-0.006
64186,2002/01/15,,11,1,6324,12550910,CI,C I G N A CORP,,CI,,N,A,R,20357,0,1,6324,12552310,,,,,,,,,63.000,632.000,,,,,,,,,,,,,,,92.600,94.500,94.400,536900.000,0.009734,93.950,94.880,144627.000,3.000,3.000,93.550,,0.009734,0.006,0.006,0.001,0.001,0.007
64186,2002/01/16,,11,1,6324,12550910,CI,C I G N A CORP,,CI,,N,A,R,20357,0,1,6324,12552310,,,,,,,,,63.000,632.000,,,,,,,,,,,,,,,93.510,95.020,94.000,471800.000,-0.004237,93.820,94.580,144627.000,3.000,3.000,94.200,,-0.004237,-0.016,-0.016,-0.011,-0.011,-0.016
64186,2002/01/17,,11,1,6324,12550910,CI,C I G N A CORP,,CI,,N,A,R,20357,0,1,6324,12552310,,,,,,,,,63.000,632.000,,,,,,,,,,,,,,,92.650,94.000,93.530,417800.000,-0.005000,93.120,93.980,144627.000,3.000,3.000,93.600,,-0.005000,0.010,0.010,0.007,0.007,0.010
64186,2002/01/18,,11,1,6324,12550910,CI,C I G N A CORP,,CI,,N,A,R,20357,0,1,6324,12552310,,,,,,,,,63.000,632.000,,,,,,,,,,,,,,,92.300,93.950,93.130,592400.000,-0.004277,92.750,93.520,144627.000,3.000,3.000,93.150,,-0.004277,-0.010,-0.010,-0.006,-0.006,-0.010
64186,2002/01/22,,11,1,6324,12550910,CI,C I G N A CORP,,CI,,N,A,R,20357,0,1,6324,12552310,,,,,,,,,63.000,632.000,,,,,,,,,,,,,,,91.250,92.990,91.760,476500.000,-0.014711,91.270,92.160,144627.000,3.000,3.000,92.990,,-0.014711,-0.008,-0.008,-0.008,-0.008,-0.007
64186,2002/01/23,,11,1,6324,12550910,CI,C I G N A CORP,,CI,,N,A,R,20357,0,1,6324,12552310,,,,,,,,,63.000,632.000,,,,,,,,,,,,,,,90.990,92.000,91.600,947800.000,-0.001744,91.210,91.950,144627.000,3.000,3.000,91.850,,-0.001744,0.009,0.009,0.008,0.008,0.008
64186,2002/01/24,,11,1,6324,12550910,CI,C I G N A CORP,,CI,,N,A,R,20357,0,1,6324,12552310,,,,,,,,,63.000,632.000,,,,,,,,,,,,,,,91.200,93.100,93.100,595600.000,0.016376,92.710,93.480,144627.000,3.000,3.000,91.400,,0.016376,0.004,0.004,0.006,0.006,0.004
64186,2002/01/25,,11,1,6324,12550910,CI,C I G N A CORP,,CI,,N,A,R,20357,0,1,6324,12552310,,,,,,,,,63.000,632.000,,,,,,,,,,,,,,,92.300,93.780,93.400,613300.000,0.003222,93.050,93.830,144627.000,3.000,3.000,93.100,,0.003222,0.001,0.001,0.000,0.000,0.001
64186,2002/01/28,,11,1,6324,12550910,CI,C I G N A CORP,,CI,,N,A,R,20357,0,1,6324,12552310,,,,,,,,,63.000,632.000,,,,,,,,,,,,,,,89.300,91.640,90.850,1022200.000,-0.027302,90.480,91.250,144627.000,3.000,3.000,91.550,,-0.027302,0.000,0.000,0.000,0.000,-0.000
64186,2002/01/29,,11,1,6324,12550910,CI,C I G N A CORP,,CI,,N,A,R,20357,0,1,6324,12552310,,,,,,,,,63.000,632.000,,,,,,,,,,,,,,,88.600,91.350,89.430,625000.000,-0.015630,88.550,90.600,144627.000,3.000,3.000,90.450,,-0.015630,-0.025,-0.025,-0.011,-0.012,-0.029
64186,2002/01/30,,11,1,6324,12550910,CI,C I G N A CORP,,CI,,N,A,R,20357,0,1,6324,12552310,,,,,,,,,63.000,632.000,,,,,,,,,,,,,,,87.990,89.490,89.050,986400.000,-0.004249,88.620,89.440,144627.000,3.000,3.000,88.650,,-0.004249,0.010,0.010,0.004,0.004,0.012
64186,2002/01/31,,11,1,6324,12550910,CI,C I G N A CORP,,CI,,N,A,R,20357,0,1,6324,12552310,,,,,,,,0.000,63.000,632.000,,,,,,,,,,,,,,,88.960,92.000,92.000,700300.000,0.033127,90.830,92.230,144627.000,3.000,3.000,89.000,,0.033127,0.013,0.013,0.010,0.009,0.015
64186,2002/02/01,,11,1,6324,12550910,CI,C I G N A CORP,,CI,,N,A,R,20357,0,1,6324,12552310,,,,,,,,,63.000,632.000,,,,,,,,,,,,,,,91.100,93.150,93.150,751900.000,0.012500,92.320,93.710,144627.000,3.000,3.000,91.250,,0.012500,-0.006,-0.006,-0.002,-0.002,-0.007
64186,2002/02/04,,11,1,6324,12550910,CI,C I G N A CORP,,CI,,N,A,R,20357,0,1,6324,12552310,,,,,,,,,63.000,632.000,,,,,,,,,,,,,,,90.040,93.060,90.120,491700.000,-0.032528,89.780,90.550,144627.000,3.000,3.000,93.050,,-0.032528,-0.024,-0.024,-0.016,-0.016,-0.025
64186,2002/02/05,,11,1,6324,12550910,CI,C I G N A CORP,,CI,,N,A,R,20357,0,1,6324,12552310,,,,,,,,,63.000,632.000,,,,,,,,,,,,,,,89.500,91.400,89.620,559600.000,-0.005548,89.470,90.270,144627.000,3.000,3.000,90.150,,-0.005548,-0.005,-0.005,-0.008,-0.008,-0.004
64186,2002/02/06,,11,1,6324,12550910,CI,C I G N A CORP,,CI,,N,A,R,20357,0,1,6324,12552310,,,,,,,,,63.000,632.000,,,,,,,,,,,,,,,89.290,90.100,89.570,513400.000,-0.000558,88.560,90.570,144627.000,3.000,3.000,89.690,,-0.000558,-0.007,-0.007,-0.010,-0.010,-0.006
64186,2002/02/07,,11,1,6324,12550910,CI,C I G N A CORP,,CI,,N,A,R,20357,0,1,6324,12552310,,,,,,,,,63.000,632.000,,,,,,,,,,,,,,,89.000,90.150,89.680,610200.000,0.001228,89.280,90.050,144627.000,3.000,3.000,89.570,,0.001228,-0.004,-0.004,-0.006,-0.006,-0.003
64186,2002/02/08,,11,1,6324,12550910,CI,C I G N A CORP,,CI,,N,A,R,20357,0,1,6324,12552310,,,,,,,,,63.000,632.000,,,,,,,,,,,,,,,89.000,92.400,90.950,1105300.000,0.014161,90.520,91.370,144627.000,3.000,3.000,90.900,,0.014161,0.016,0.016,0.012,0.012,0.015
64186,2002/02/11,,11,1,6324,12550910,CI,C I G N A CORP,,CI,,N,A,R,20357,0,1,6324,12552310,,,,,,,,,63.000,632.000,,,,,,,,,,,,,,,89.750,92.250,91.500,567400.000,0.006047,90.900,92.150,144627.000,3.000,3.000,89.750,,0.006047,0.013,0.013,0.008,0.008,0.014
64186,2002/02/12,,11,1,6324,12550910,CI,C I G N A CORP,,CI,,N,A,R,20357,0,1,6324,12552310,,,,,,,,,63.000,632.000,,,,,,,,,,,,,,,90.750,93.210,91.200,445500.000,-0.003279,90.830,91.620,144627.000,3.000,3.000,92.050,,-0.003279,-0.003,-0.003,-0.000,-0.000,-0.004
64186,2002/02/13,,11,1,6324,12550910,CI,C I G N A CORP,,CI,,N,A,R,20357,0,1,6324,12552310,,,,,,,,,63.000,632.000,,,,,,,,,,,,,,,91.620,95.100,94.150,797100.000,0.032347,93.750,94.540,144627.000,3.000,3.000,92.000,,0.032347,0.010,0.009,0.006,0.006,0.010
64186,2002/02/14,,11,1,6324,12550910,CI,C I G N A CORP,,CI,,N,A,R,20357,0,1,6324,12552310,,,,,,,,,63.000,632.000,,,,,,,,,,,,,,,93.450,95.000,94.610,483200.000,0.004886,94.220,95.000,144627.000,3.000,3.000,94.150,,0.004886,-0.002,-0.003,-0.005,-0.005,-0.002
64186,2002/02/15,,11,1,6324,12550910,CI,C I G N A CORP,,CI,,N,A,R,20357,0,1,6324,12552310,,,,,,,,,63.000,632.000,,,,,,,,,,,,,,,92.850,95.000,93.690,515000.000,-0.009724,93.420,94.080,144627.000,3.000,3.000,94.610,,-0.009724,-0.010,-0.010,-0.004,-0.004,-0.011
64186,2002/02/19,,11,1,6324,12550910,CI,C I G N A CORP,,CI,,N,A,R,20357,0,1,6324,12552310,,,,,,,,,63.000,632.000,,,,,,,,,,,,,,,91.900,94.700,92.150,572200.000,-0.016437,91.850,92.620,144627.000,3.000,3.000,93.700,,-0.016437,-0.019,-0.019,-0.015,-0.015,-0.019
64186,2002/02/20,,11,1,6324,12550910,CI,C I G N A CORP,,CI,,N,A,R,20357,0,1,6324,12552310,,,,,,,,,63.000,632.000,,,,,,,,,,,,,,,90.720,93.760,93.680,535200.000,0.016603,93.220,94.120,144627.000,3.000,3.000,92.150,,0.016603,0.013,0.013,0.005,0.005,0.014
64186,2002/02/21,,11,1,6324,12550910,CI,C I G N A CORP,,CI,,N,A,R,20357,0,1,6324,12552310,,,,,,,,,63.000,632.000,,,,,,,,,,,,,,,92.600,94.000,93.050,524100.000,-0.006725,92.770,93.560,144627.000,3.000,3.000,92.600,,-0.006725,-0.015,-0.015,-0.009,-0.009,-0.016
64186,2002/02/22,,11,1,6324,12550910,CI,C I G N A CORP,,CI,,N,A,R,20357,0,1,6324,12552310,,,,,,,,,63.000,632.000,,,,,,,,,,,,,,,91.900,92.990,92.300,447100.000,-0.008060,91.790,92.800,144627.000,3.000,3.000,92.900,,-0.008060,0.007,0.007,0.004,0.004,0.008
64186,2002/02/25,,11,1,6324,12550910,CI,C I G N A CORP,,CI,,N,A,R,20357,0,1,6324,12552310,,,,,,,,,63.000,632.000,,,,,,,,,,,,,,,91.700,92.900,92.500,521900.000,0.002167,91.490,93.500,144627.000,3.000,3.000,91.700,,0.002167,0.016,0.016,0.005,0.005,0.018
64186,2002/02/26,,11,1,6324,12550910,CI,C I G N A CORP,,CI,,N,A,R,20357,0,1,6324,12552310,,,,,,,,,63.000,632.000,,,,,,,,,,,,,,,92.600,94.650,93.780,750300.000,0.013838,92.720,94.740,144627.000,3.000,3.000,92.650,,0.013838,0.001,0.001,0.003,0.003,-0.000
64186,2002/02/27,,11,1,6324,12550910,CI,C I G N A CORP,,CI,,N,A,R,20357,0,1,6324,12552310,,,,,,,,,63.000,632.000,,,,,,,,,,,,,,,93.000,95.470,93.880,624300.000,0.001066,93.530,94.310,144627.000,3.000,3.000,94.000,,0.001066,0.001,0.001,0.003,0.003,0.000
64186,2002/02/28,,11,1,6324,12550910,CI,C I G N A CORP,,CI,,N,A,R,20357,0,1,6324,12552310,,,,,,,,0.000,63.000,632.000,,,,,,,,,,,,,,,87.750,97.200,89.700,5316400.000,-0.044525,89.310,90.340,144627.000,3.000,3.000,94.500,,-0.044525,-0.003,-0.003,-0.001,-0.001,-0.003
64186,2002/03/01,,11,1,6324,12550910,CI,C I G N A CORP,,CI,,N,A,R,20357,0,1,6324,12552310,,,,,,,,,63.000,632.000,,,,,,,,,,,,,,,90.750,94.500,94.500,2542300.000,0.053512,93.900,94.880,144627.000,3.000,3.000,91.500,,0.053512,0.022,0.022,0.012,0.012,0.023
64186,2002/03/04,,11,1,6324,12550910,CI,C I G N A CORP,,CI,,N,A,R,20357,0,1,6324,12552310,,,,,,,,,63.000,632.000,,,,,,,,,,,,,,,94.000,98.250,95.300,1307700.000,0.008466,94.620,95.680,144627.000,3.000,3.000,94.990,,0.008466,0.020,0.020,0.015,0.015,0.019
64186,2002/03/05,,11,1,6324,12550910,CI,C I G N A CORP,,CI,,N,A,R,20357,0,1,6324,12552310,,,,,,,,,63.000,632.000,,,,,,,,,,,,,,,95.010,98.050,96.450,869000.000,0.012067,96.100,96.940,144627.000,3.000,3.000,95.300,,0.012067,-0.005,-0.005,0.003,0.003,-0.007
64186,2002/03/06,,11,1,6324,12550910,CI,C I G N A CORP,,CI,,N,A,R,20357,0,1,6324,12552310,,,,,,,,,63.000,632.000,,,,,,,,,,,,,,,96.250,98.000,97.110,733400.000,0.006843,97.200,97.500,144627.000,3.000,3.000,96.900,,0.006843,0.014,0.014,0.013,0.012,0.015
64186,2002/03/07,,11,1,6324,12550910,CI,C I G N A CORP,,CI,,N,A,R,20357,0,1,6324,12552310,,,,,,,,,63.000,632.000,,,,,,,,,,,,,,,94.800,97.100,96.250,604600.000,-0.008856,95.740,96.570,144627.000,3.000,3.000,97.100,,-0.008856,-0.004,-0.004,0.004,0.004,-0.004
64186,2002/03/08,,11,1,6324,12550910,CI,C I G N A CORP,,CI,,N,A,R,20357,0,1,6324,12552310,,,,,,,,,63.000,632.000,,,,,,,,,,,,,,,96.450,98.400,96.580,755900.000,0.003429,96.140,96.960,144627.000,3.000,3.000,97.000,,0.003429,0.007,0.007,0.009,0.009,0.006
64186,2002/03/11,,11,1,6324,12550910,CI,C I G N A CORP,,CI,,N,A,R,20357,0,1,6324,12552310,2002/02/27,,,,,2002/04/10,2002/03/13,0.000,63.000,632.000,1232.000,0.330,0.000,0.000,,,,,,,,,,,96.150,97.070,96.750,451800.000,0.005177,96.150,97.030,144627.000,3.000,3.000,96.400,,0.001760,0.003,0.003,0.005,0.005,0.003
64186,2002/03/12,,11,1,6324,12550910,CI,C I G N A CORP,,CI,,N,A,R,20357,0,1,6324,12552310,,,,,,,,,63.000,632.000,,,,,,,,,,,,,,,96.250,97.050,97.050,411300.000,0.003101,96.630,97.480,144627.000,3.000,3.000,96.500,,0.003101,-0.003,-0.003,-0.003,-0.003,-0.002
64186,2002/03/13,,11,1,6324,12550910,CI,C I G N A CORP,,CI,,N,A,R,20357,0,1,6324,12552310,,,,,,,,,63.000,632.000,,,,,,,,,,,,,,,95.600,97.050,96.380,701400.000,-0.006904,95.950,96.780,144627.000,3.000,3.000,97.050,,-0.006904,-0.009,-0.009,-0.003,-0.004,-0.010
64186,2002/03/14,,11,1,6324,12550910,CI,C I G N A CORP,,CI,,N,A,R,20357,0,1,6324,12552310,,,,,,,,,63.000,632.000,,,,,,,,,,,,,,,95.300,96.700,96.130,550700.000,-0.002594,95.730,96.500,144627.000,3.000,3.000,95.900,,-0.002594,-0.000,-0.000,0.004,0.004,-0.001
64186,2002/03/15,,11,1,6324,12550910,CI,C I G N A CORP,,CI,,N,A,R,20357,0,1,6324,12552310,,,,,,,,,63.000,632.000,,,,,,,,,,,,,,,95.750,96.310,96.000,607700.000,-0.001352,94.990,97.000,144627.000,3.000,3.000,96.130,,-0.001352,0.010,0.010,0.005,0.005,0.011
64186,2002/03/18,,11,1,6324,12550910,CI,C I G N A CORP,,CI,,N,A,R,20357,0,1,6324,12552310,,,,,,,,,63.000,632.000,,,,,,,,,,,,,,,95.700,96.300,96.290,498800.000,0.003021,95.890,96.670,144627.000,3.000,3.000,96.200,,0.003021,0.001,0.001,0.005,0.005,-0.001
64186,2002/03/19,,11,1,6324,12550910,CI,C I G N A CORP,,CI,,N,A,R,20357,0,1,6324,12552310,,,,,,,,,63.000,632.000,,,,,,,,,,,,,,,96.190,97.250,96.700,739900.000,0.004258,96.200,97.030,144627.000,3.000,3.000,96.350,,0.004258,0.003,0.003,0.003,0.003,0.004
64186,2002/03/20,,11,1,6324,12550910,CI,C I G N A CORP,,CI,,N,A,R,20357,0,1,6324,12552310,,,,,,,,,63.000,632.000,,,,,,,,,,,,,,,96.600,99.500,98.800,1276100.000,0.021717,98.370,99.200,144627.000,3.000,3.000,96.700,,0.021717,-0.014,-0.014,-0.006,-0.006,-0.016
64186,2002/03/21,,11,1,6324,12550910,CI,C I G N A CORP,,CI,,N,A,R,20357,0,1,6324,12552310,,,,,,,,,63.000,632.000,,,,,,,,,,,,,,,98.210,100.000,99.400,706600.000,0.006073,98.950,99.720,144627.000,3.000,3.000,98.350,,0.006073,0.003,0.003,0.006,0.006,0.002
64186,2002/03/22,,11,1,6324,12550910,CI,C I G N A CORP,,CI,,N,A,R,20357,0,1,6324,12552310,,,,,,,,,63.000,632.000,,,,,,,,,,,,,,,98.500,99.260,98.910,921400.000,-0.004930,98.520,99.370,144627.000,3.000,3.000,98.900,,-0.004930,-0.004,-0.004,-0.000,-0.000,-0.004
64186,2002/03/25,,11,1,6324,12550910,CI,C I G N A CORP,,CI,,N,A,R,20357,0,1,6324,12552310,,,,,,,,,63.000,632.000,,,,,,,,,,,,,,,98.300,99.400,98.510,460200.000,-0.004044,98.140,98.930,144627.000,3.000,3.000,98.500,,-0.004044,-0.014,-0.014,-0.007,-0.007,-0.015
64186,2002/03/26,,11,1,6324,12550910,CI,C I G N A CORP,,CI,,N,A,R,20357,0,1,6324,12552310,,,,,,,,,63.000,632.000,,,,,,,,,,,,,,,97.880,99.500,98.770,488800.000,0.002639,98.400,99.180,144627.000,3.000,3.000,98.510,,0.002639,0.006,0.006,0.005,0.004,0.006
64186,2002/03/27,,11,1,6324,12550910,CI,C I G N A CORP,,CI,,N,A,R,20357,0,1,6324,12552310,,,,,,,,,63.000,632.000,,,,,,,,,,,,,,,98.410,100.300,99.810,435300.000,0.010530,99.500,100.320,144627.000,3.000,3.000,98.500,,0.010530,0.006,0.005,0.006,0.006,0.005
64186,2002/03/28,,11,1,6324,12550910,CI,C I G N A CORP,,CI,,N,A,R,20357,0,1,6324,12552310,,,,,,,,0.000,63.000,632.000,,,,,,,,,,,,,,,99.690,101.520,101.390,417500.000,0.015830,101.030,101.870,141516.000,3.000,3.000,99.750,,0.015830,0.003,0.003,0.006,0.006,0.002
64186,2002/04/01,,11,1,6324,12550910,CI,C I G N A CORP,,CI,,N,A,R,20357,0,1,6324,12552310,,,,,,,,,63.000,632.000,,,,,,,,,,,,,,,100.220,102.030,102.030,644100.000,0.006312,101.000,103.010,141516.000,3.000,3.000,100.390,,0.006312,-0.001,-0.001,-0.001,-0.001,-0.001
64186,2002/04/02,,11,1,6324,12550910,CI,C I G N A CORP,,CI,,N,A,R,20357,0,1,6324,12552310,,,,,,,,,63.000,632.000,,,,,,,,,,,,,,,101.500,104.750,104.540,835000.000,0.024601,104.020,104.980,141516.000,3.000,3.000,101.500,,0.024601,-0.009,-0.009,-0.005,-0.005,-0.009
64186,2002/04/03,,11,1,6324,12550910,CI,C I G N A CORP,,CI,,N,A,R,20357,0,1,6324,12552310,,,,,,,,,63.000,632.000,,,,,,,,,,,,,,,103.660,105.840,105.150,1119700.000,0.005835,104.890,105.100,141516.000,3.000,3.000,104.370,,0.005835,-0.009,-0.010,-0.006,-0.006,-0.010
64186,2002/04/04,,11,1,6324,12550910,CI,C I G N A CORP,,CI,,N,A,R,20357,0,1,6324,12552310,,,,,,,,,63.000,632.000,,,,,,,,,,,,,,,104.500,106.540,105.900,715300.000,0.007133,105.960,106.170,141516.000,3.000,3.000,104.500,,0.007133,0.001,0.001,0.001,0.001,0.001
64186,2002/04/05,,11,1,6324,12550910,CI,C I G N A CORP,,CI,,N,A,R,20357,0,1,6324,12552310,,,,,,,,,63.000,632.000,,,,,,,,,,,,,,,105.380,106.900,105.890,693900.000,-0.000094,105.780,105.990,141516.000,3.000,3.000,105.500,,-0.000094,-0.003,-0.003,-0.000,-0.000,-0.003
64186,2002/04/08,,11,1,6324,12550910,CI,C I G N A CORP,,CI,,N,A,R,20357,0,1,6324,12552310,,,,,,,,,63.000,632.000,,,,,,,,,,,,,,,104.950,106.480,106.040,716600.000,0.001417,105.930,106.140,141516.000,3.000,3.000,105.000,,0.001417,0.003,0.003,0.003,0.002,0.002
64186,2002/04/09,,11,1,6324,12550910,CI,C I G N A CORP,,CI,,N,A,R,20357,0,1,6324,12552310,,,,,,,,,63.000,632.000,,,,,,,,,,,,,,,105.200,106.300,105.280,667800.000,-0.007167,105.170,105.410,141516.000,3.000,3.000,105.980,,-0.007167,-0.006,-0.006,-0.002,-0.002,-0.007
64186,2002/04/10,,11,1,6324,12550910,CI,C I G N A CORP,,CI,,N,A,R,20357,0,1,6324,12552310,,,,,,,,,63.000,632.000,,,,,,,,,,,,,,,105.400,108.800,108.340,1131100.000,0.029065,108.200,108.460,141516.000,3.000,3.000,105.750,,0.029065,0.011,0.011,0.009,0.008,0.011
64186,2002/04/11,,11,1,6324,12550910,CI,C I G N A CORP,,CI,,N,A,R,20357,0,1,6324,12552310,,,,,,,,,63.000,632.000,,,,,,,,,,,,,,,107.750,109.090,108.010,659400.000,-0.003046,107.900,108.120,141516.000,3.000,3.000,108.650,,-0.003046,-0.021,-0.021,-0.010,-0.010,-0.024
64186,2002/04/12,,11,1,6324,12550910,CI,C I G N A CORP,,CI,,N,A,R,20357,0,1,6324,12552310,,,,,,,,,63.000,632.000,,,,,,,,,,,,,,,107.640,109.750,109.300,844300.000,0.011943,109.150,109.310,141516.000,3.000,3.000,108.010,,0.011943,0.008,0.008,0.011,0.011,0.007
64186,2002/04/15,,11,1,6324,12550910,CI,C I G N A CORP,,CI,,N,A,R,20357,0,1,6324,12552310,,,,,,,,,63.000,632.000,,,,,,,,,,,,,,,106.470,109.100,106.870,615700.000,-0.022232,106.770,106.980,141516.000,3.000,3.000,109.000,,-0.022232,-0.006,-0.006,-0.001,-0.001,-0.008
64186,2002/04/16,,11,1,6324,12550910,CI,C I G N A CORP,,CI,,N,A,R,20357,0,1,6324,12552310,,,,,,,,,63.000,632.000,,,,,,,,,,,,,,,106.200,107.700,107.490,638500.000,0.005801,107.480,107.490,141516.000,3.000,3.000,106.880,,0.005801,0.022,0.022,0.016,0.016,0.023
64186,2002/04/17,,11,1,6324,12550910,CI,C I G N A CORP,,CI,,N,A,R,20357,0,1,6324,12552310,,,,,,,,,63.000,632.000,,,,,,,,,,,,,,,107.350,109.750,108.450,709300.000,0.008931,108.440,108.650,141516.000,3.000,3.000,107.490,,0.008931,-0.002,-0.002,0.001,0.001,-0.002
64186,2002/04/18,,11,1,6324,12550910,CI,C I G N A CORP,,CI,,N,A,R,20357,0,1,6324,12552310,,,,,,,,,63.000,632.000,,,,,,,,,,,,,,,108.150,109.600,108.680,762900.000,0.002121,108.570,108.790,141516.000,3.000,3.000,108.700,,0.002121,-0.002,-0.002,0.003,0.003,-0.001
64186,2002/04/19,,11,1,6324,12550910,CI,C I G N A CORP,,CI,,N,A,R,20357,0,1,6324,12552310,,,,,,,,,63.000,632.000,,,,,,,,,,,,,,,107.800,109.330,108.140,775200.000,-0.004969,108.130,108.150,141516.000,3.000,3.000,108.690,,-0.004969,0.001,0.001,0.002,0.002,0.001
64186,2002/04/22,,11,1,6324,12550910,CI,C I G N A CORP,,CI,,N,A,R,20357,0,1,6324,12552310,,,,,,,,,63.000,632.000,,,,,,,,,,,,,,,107.700,108.950,108.190,664500.000,0.000462,107.900,108.250,141516.000,3.000,3.000,108.600,,0.000462,-0.015,-0.015,-0.008,-0.008,-0.015
64186,2002/04/23,,11,1,6324,12550910,CI,C I G N A CORP,,CI,,N,A,R,20357,0,1,6324,12552310,,,,,,,,,63.000,632.000,,,,,,,,,,,,,,,105.990,108.160,105.990,592700.000,-0.020335,105.990,106.000,141516.000,3.000,3.000,108.150,,-0.020335,-0.005,-0.005,-0.001,-0.001,-0.006
64186,2002/04/24,,11,1,6324,12550910,CI,C I G N A CORP,,CI,,N,A,R,20357,0,1,6324,12552310,,,,,,,,,63.000,632.000,,,,,,,,,,,,,,,104.930,106.470,105.050,895600.000,-0.008869,104.920,105.170,141516.000,3.000,3.000,105.290,,-0.008869,-0.006,-0.006,-0.002,-0.002,-0.007
64186,2002/04/25,,11,1,6324,12550910,CI,C I G N A CORP,,CI,,N,A,R,20357,0,1,6324,12552310,,,,,,,,,63.000,632.000,,,,,,,,,,,,,,,105.050,108.210,107.330,1731500.000,0.021704,107.220,107.430,141516.000,3.000,3.000,105.050,,0.021704,-0.002,-0.002,-0.002,-0.002,-0.002
64186,2002/04/26,,11,1,6324,12550910,CI,C I G N A CORP,,CI,,N,A,R,20357,0,1,6324,12552310,,,,,,,,,63.000,632.000,,,,,,,,,,,,,,,106.500,108.240,107.460,515000.000,0.001211,107.320,107.560,141516.000,3.000,3.000,106.900,,0.001211,-0.013,-0.014,-0.009,-0.009,-0.014
64186,2002/04/29,,11,1,6324,12550910,CI,C I G N A CORP,,CI,,N,A,R,20357,0,1,6324,12552310,,,,,,,,,63.000,632.000,,,,,,,,,,,,,,,106.710,108.240,107.000,553500.000,-0.004281,106.820,107.100,141516.000,3.000,3.000,107.460,,-0.004281,-0.009,-0.009,-0.006,-0.006,-0.010
64186,2002/04/30,,11,1,6324,12550910,CI,C I G N A CORP,,CI,,N,A,R,20357,0,1,6324,12552310,,,,,,,,0.000,63.000,632.000,,,,,,,,,,,,,,,106.600,110.050,109.000,1226300.000,0.018692,108.960,109.180,141516.000,3.000,3.000,107.250,,0.018692,0.012,0.012,0.010,0.010,0.011
64186,2002/05/01,,11,1,6324,12550910,CI,C I G N A CORP,,CI,,N,A,R,20357,0,1,6324,12552310,,,,,,,,,63.000,632.000,,,,,,,,,,,,,,,108.130,111.000,110.830,721400.000,0.016789,110.850,111.070,141516.000,3.000,3.000,109.600,,0.016789,0.008,0.007,0.001,0.001,0.009
64186,2002/05/02,,11,1,6324,12550910,CI,C I G N A CORP,,CI,,N,A,R,20357,0,1,6324,12552310,,,,,,,,,63.000,632.000,,,,,,,,,,,,,,,104.000,109.590,104.000,2915600.000,-0.061626,104.490,104.500,141516.000,3.000,3.000,109.000,,-0.061626,-0.002,-0.002,0.000,0.000,-0.002
64186,2002/05/03,,11,1,6324,12550910,CI,C I G N A CORP,,CI,,N,A,R,20357,0,1,6324,12552310,,,,,,,,,63.000,632.000,,,,,,,,,,,,,,,101.860,105.480,104.160,1103300.000,0.001538,104.060,104.270,141516.000,3.000,3.000,104.490,,0.001538,-0.009,-0.009,-0.002,-0.002,-0.010
64186,2002/05/06,,11,1,6324,12550910,CI,C I G N A CORP,,CI,,N,A,R,20357,0,1,6324,12552310,,,,,,,,,63.000,632.000,,,,,,,,,,,,,,,100.750,105.300,100.880,838200.000,-0.031490,100.770,100.990,141516.000,3.000,3.000,103.750,,-0.031490,-0.018,-0.018,-0.011,-0.011,-0.019
64186,2002/05/07,,11,1,6324,12550910,CI,C I G N A CORP,,CI,,N,A,R,20357,0,1,6324,12552310,,,,,,,,,63.000,632.000,,,,,,,,,,,,,,,98.750,101.600,99.280,817200.000,-0.015860,99.040,99.250,141516.000,3.000,3.000,100.750,,-0.015860,-0.004,-0.004,-0.006,-0.006,-0.003
64186,2002/05/08,,11,1,6324,12550910,CI,C I G N A CORP,,CI,,N,A,R,20357,0,1,6324,12552310,,,,,,,,,63.000,632.000,,,,,,,,,,,,,,,98.800,102.990,102.400,875300.000,0.031426,102.460,102.670,141516.000,3.000,3.000,100.600,,0.031426,0.034,0.034,0.019,0.019,0.038
64186,2002/05/09,,11,1,6324,12550910,CI,C I G N A CORP,,CI,,N,A,R,20357,0,1,6324,12552310,,,,,,,,,63.000,632.000,,,,,,,,,,,,,,,102.010,105.100,102.600,643700.000,0.001953,102.450,102.700,141516.000,3.000,3.000,102.050,,0.001953,-0.014,-0.014,-0.008,-0.008,-0.015
64186,2002/05/10,,11,1,6324,12550910,CI,C I G N A CORP,,CI,,N,A,R,20357,0,1,6324,12552310,,,,,,,,,63.000,632.000,,,,,,,,,,,,,,,102.300,104.720,102.460,492600.000,-0.001365,102.450,102.470,141516.000,3.000,3.000,103.500,,-0.001365,-0.015,-0.015,-0.008,-0.008,-0.017
64186,2002/05/13,,11,1,6324,12550910,CI,C I G N A CORP,,CI,,N,A,R,20357,0,1,6324,12552310,,,,,,,,,63.000,632.000,,,,,,,,,,,,,,,102.350,103.880,103.140,688800.000,0.006637,103.040,103.250,141516.000,3.000,3.000,102.470,,0.006637,0.017,0.017,0.007,0.007,0.019
64186,2002/05/14,,11,1,6324,12550910,CI,C I G N A CORP,,CI,,N,A,R,20357,0,1,6324,12552310,,,,,,,,,63.000,632.000,,,,,,,,,,,,,,,102.250,105.180,104.170,813000.000,0.009986,103.940,104.270,141516.000,3.000,3.000,104.000,,0.009986,0.021,0.021,0.015,0.015,0.021
64186,2002/05/15,,11,1,6324,12550910,CI,C I G N A CORP,,CI,,N,A,R,20357,0,1,6324,12552310,,,,,,,,,63.000,632.000,,,,,,,,,,,,,,,103.850,105.640,104.380,651500.000,0.002016,104.290,104.560,141516.000,3.000,3.000,104.500,,0.002016,-0.003,-0.004,0.001,0.001,-0.006
64186,2002/05/16,,11,1,6324,12550910,CI,C I G N A CORP,,CI,,N,A,R,20357,0,1,6324,12552310,,,,,,,,,63.000,632.000,,,,,,,,,,,,,,,101.800,105.630,103.140,1044300.000,-0.011880,103.010,103.220,141516.000,3.000,3.000,104.600,,-0.011880,0.004,0.003,-0.001,-0.001,0.007
64186,2002/05/17,,11,1,6324,12550910,CI,C I G N A CORP,,CI,,N,A,R,20357,0,1,6324,12552310,,,,,,,,,63.000,632.000,,,,,,,,,,,,,,,103.930,105.300,104.540,961400.000,0.013574,104.420,104.630,141516.000,3.000,3.000,104.000,,0.013574,0.007,0.007,0.004,0.004,0.008
64186,2002/05/20,,11,1,6324,12550910,CI,C I G N A CORP,,CI,,N,A,R,20357,0,1,6324,12552310,,,,,,,,,63.000,632.000,,,,,,,,,,,,,,,102.500,104.590,103.980,664100.000,-0.005357,103.860,104.100,141516.000,3.000,3.000,103.750,,-0.005357,-0.012,-0.012,-0.006,-0.006,-0.013
64186,2002/05/21,,11,1,6324,12550910,CI,C I G N A CORP,,CI,,N,A,R,20357,0,1,6324,12552310,,,,,,,,,63.000,632.000,,,,,,,,,,,,,,,101.750,104.900,101.750,682600.000,-0.021446,101.900,102.660,141516.000,3.000,3.000,103.980,,-0.021446,-0.011,-0.011,-0.009,-0.009,-0.011
64186,2002/05/22,,11,1,6324,12550910,CI,C I G N A CORP,,CI,,N,A,R,20357,0,1,6324,12552310,,,,,,,,,63.000,632.000,,,,,,,,,,,,,,,101.550,103.600,103.000,468100.000,0.012285,102.900,103.110,141516.000,3.000,3.000,101.550,,0.012285,0.004,0.004,-0.002,-0.002,0.006
64186,2002/05/23,,11,1,6324,12550910,CI,C I G N A CORP,,CI,,N,A,R,20357,0,1,6324,12552310,,,,,,,,,63.000,632.000,,,,,,,,,,,,,,,103.510,104.400,104.150,436300.000,0.011165,104.040,104.250,141516.000,3.000,3.000,103.650,,0.011165,0.010,0.010,0.007,0.007,0.010
64186,2002/05/24,,11,1,6324,12550910,CI,C I G N A CORP,,CI,,N,A,R,20357,0,1,6324,12552310,,,,,,,,,63.000,632.000,,,,,,,,,,,,,,,103.600,105.000,104.810,352000.000,0.006337,104.690,104.820,141516.000,3.000,3.000,104.050,,0.006337,-0.011,-0.011,-0.005,-0.005,-0.012
64186,2002/05/28,,11,1,6324,12550910,CI,C I G N A CORP,,CI,,N,A,R,20357,0,1,6324,12552310,,,,,,,,,63.000,632.000,,,,,,,,,,,,,,,103.520,105.100,105.000,539100.000,0.001813,104.880,105.100,141516.000,3.000,3.000,104.820,,0.001813,-0.007,-0.007,-0.002,-0.002,-0.009
64186,2002/05/29,,11,1,6324,12550910,CI,C I G N A CORP,,CI,,N,A,R,20357,0,1,6324,12552310,,,,,,,,,63.000,632.000,,,,,,,,,,,,,,,104.600,105.980,105.050,468600.000,0.000476,104.970,105.280,141516.000,3.000,3.000,104.800,,0.000476,-0.007,-0.007,-0.006,-0.006,-0.006
64186,2002/05/30,,11,1,6324,12550910,CI,C I G N A CORP,,CI,,N,A,R,20357,0,1,6324,12552310,,,,,,,,,63.000,632.000,,,,,,,,,,,,,,,104.800,106.950,105.930,530900.000,0.008377,105.810,106.030,141516.000,3.000,3.000,104.900,,0.008377,-0.002,-0.002,-0.001,-0.001,-0.003
64186,2002/05/31,,11,1,6324,12550910,CI,C I G N A CORP,,CI,,N,A,R,20357,0,1,6324,12552310,,,,,,,,0.000,63.000,632.000,,,,,,,,,,,,,,,105.700,107.200,106.050,667400.000,0.001133,106.260,106.290,140877.000,3.000,3.000,106.000,,0.001133,0.002,0.002,0.003,0.003,0.002
64186,2002/06/03,,11,1,6324,12550910,CI,C I G N A CORP,,CI,,N,A,R,20357,0,1,6324,12552310,,,,,,,,,63.000,632.000,,,,,,,,,,,,,,,105.500,106.960,105.650,689900.000,-0.003772,105.530,105.650,140877.000,3.000,3.000,106.060,,-0.003772,-0.024,-0.024,-0.018,-0.018,-0.025
64186,2002/06/04,,11,1,6324,12550910,CI,C I G N A CORP,,CI,,N,A,R,20357,0,1,6324,12552310,,,,,,,,,63.000,632.000,,,,,,,,,,,,,,,102.970,105.550,103.560,939300.000,-0.019782,103.450,103.660,140877.000,3.000,3.000,105.450,,-0.019782,-0.001,-0.001,-0.004,-0.004,0.000
64186,2002/06/05,,11,1,6324,12550910,CI,C I G N A CORP,,CI,,N,A,R,20357,0,1,6324,12552310,,,,,,,,,63.000,632.000,,,,,,,,,,,,,,,102.910,104.250,103.850,728300.000,0.002800,103.750,103.990,140877.000,3.000,3.000,103.350,,0.002800,0.008,0.007,0.000,0.000,0.009
64186,2002/06/06,,11,1,6324,12550910,CI,C I G N A CORP,,CI,,N,A,R,20357,0,1,6324,12552310,,,,,,,,,63.000,632.000,,,,,,,,,,,,,,,102.530,104.190,103.500,607900.000,-0.003370,103.240,103.490,140877.000,3.000,3.000,104.020,,-0.003370,-0.018,-0.018,-0.015,-0.015,-0.020
64186,2002/06/07,,11,1,6324,12550910,CI,C I G N A CORP,,CI,,N,A,R,20357,0,1,6324,12552310,,,,,,,,,63.000,632.000,,,,,,,,,,,,,,,102.250,104.500,102.300,1200100.000,-0.011594,102.300,102.520,140877.000,3.000,3.000,103.500,,-0.011594,-0.000,-0.000,0.002,0.002,-0.002
64186,2002/06/10,,11,1,6324,12550910,CI,C I G N A CORP,,CI,,N,A,R,20357,0,1,6324,12552310,2002/04/24,,,,,2002/07/10,2002/06/12,0.000,63.000,632.000,1232.000,0.330,0.000,0.000,,,,,,,,,,,101.600,103.000,102.220,785300.000,0.002444,102.110,102.410,140877.000,3.000,3.000,102.200,,-0.000782,0.002,0.002,-0.003,-0.003,0.003
64186,2002/06/11,,11,1,6324,12550910,CI,C I G N A CORP,,CI,,N,A,R,20357,0,1,6324,12552310,,,,,,,,,63.000,632.000,,,,,,,,,,,,,,,102.650,104.300,103.060,792500.000,0.008218,102.900,103.170,140877.000,3.000,3.000,103.800,,0.008218,-0.016,-0.016,-0.009,-0.009,-0.017
64186,2002/06/12,,11,1,6324,12550910,CI,C I G N A CORP,,CI,,N,A,R,20357,0,1,6324,12552310,,,,,,,,,63.000,632.000,,,,,,,,,,,,,,,102.600,105.000,104.460,747400.000,0.013584,104.370,104.600,140877.000,3.000,3.000,103.060,,0.013584,0.005,0.004,-0.004,-0.005,0.007
64186,2002/06/13,,11,1,6324,12550910,CI,C I G N A CORP,,CI,,N,A,R,20357,0,1,6324,12552310,,,,,,,,,63.000,632.000,,,,,,,,,,,,,,,102.420,104.560,102.440,483100.000,-0.019338,102.330,102.540,140877.000,3.000,3.000,103.500,,-0.019338,-0.010,-0.010,-0.007,-0.007,-0.010
64186,2002/06/14,,11,1,6324,12550910,CI,C I G N A CORP,,CI,,N,A,R,20357,0,1,6324,12552310,,,,,,,,,63.000,632.000,,,,,,,,,,,,,,,98.800,102.440,98.910,1312200.000,-0.034459,98.900,98.920,140877.000,3.000,3.000,102.440,,-0.034459,-0.001,-0.001,0.000,0.000,-0.002
64186,2002/06/17,,11,1,6324,12550910,CI,C I G N A CORP,,CI,,N,A,R,20357,0,1,6324,12552310,,,,,,,,,63.000,632.000,,,,,,,,,,,,,,,99.550,102.350,102.150,624500.000,0.032757,101.980,102.280,140877.000,3.000,3.000,99.600,,0.032757,0.027,0.027,0.015,0.015,0.029
64186,2002/06/18,,11,1,6324,12550910,CI,C I G N A CORP,,CI,,N,A,R,20357,0,1,6324,12552310,,,,,,,,,63.000,632.000,,,,,,,,,,,,,,,101.140,103.300,102.920,599000.000,0.007538,102.760,103.020,140877.000,3.000,3.000,102.000,,0.007538,0.000,0.000,-0.000,-0.001,0.001
64186,2002/06/19,,11,1,6324,12550910,CI,C I G N A CORP,,CI,,N,A,R,20357,0,1,6324,12552310,,,,,,,,,63.000,632.000,,,,,,,,,,,,,,,100.680,102.740,100.680,570200.000,-0.021764,100.760,100.970,140877.000,3.000,3.000,102.000,,-0.021764,-0.016,-0.016,-0.014,-0.015,-0.017
64186,2002/06/20,,11,1,6324,12550910,CI,C I G N A CORP,,CI,,N,A,R,20357,0,1,6324,12552310,,,,,,,,,63.000,632.000,,,,,,,,,,,,,,,98.660,100.830,99.250,1057800.000,-0.014203,99.070,99.300,140877.000,3.000,3.000,100.100,,-0.014203,-0.013,-0.013,-0.004,-0.004,-0.013
64186,2002/06/21,,11,1,6324,12550910,CI,C I G N A CORP,,CI,,N,A,R,20357,0,1,6324,12552310,,,,,,,,,63.000,632.000,,,,,,,,,,,,,,,97.790,99.990,98.350,1037700.000,-0.009068,98.030,98.250,140877.000,3.000,3.000,98.750,,-0.009068,-0.014,-0.014,-0.002,-0.002,-0.017
64186,2002/06/24,,11,1,6324,12550910,CI,C I G N A CORP,,CI,,N,A,R,20357,0,1,6324,12552310,,,,,,,,,63.000,632.000,,,,,,,,,,,,,,,96.100,98.750,96.700,1083600.000,-0.016777,96.600,96.900,140877.000,3.000,3.000,97.500,,-0.016777,0.001,0.001,-0.005,-0.005,0.004
64186,2002/06/25,,11,1,6324,12550910,CI,C I G N A CORP,,CI,,N,A,R,20357,0,1,6324,12552310,,,,,,,,,63.000,632.000,,,,,,,,,,,,,,,96.600,98.300,96.980,1048400.000,0.002896,97.030,97.050,140877.000,3.000,3.000,96.700,,0.002896,-0.015,-0.015,-0.008,-0.008,-0.017
64186,2002/06/26,,11,1,6324,12550910,CI,C I G N A CORP,,CI,,N,A,R,20357,0,1,6324,12552310,,,,,,,,,63.000,632.000,,,,,,,,,,,,,,,94.850,96.990,96.480,911100.000,-0.005156,96.510,96.750,140877.000,3.000,3.000,96.990,,-0.005156,-0.003,-0.004,-0.008,-0.009,-0.003
64186,2002/06/27,,11,1,6324,12550910,CI,C I G N A CORP,,CI,,N,A,R,20357,0,1,6324,12552310,,,,,,,,,63.000,632.000,,,,,,,,,,,,,,,96.200,98.500,97.970,611900.000,0.015444,97.870,98.080,140877.000,3.000,3.000,96.700,,0.015444,0.016,0.016,0.012,0.011,0.018
64186,2002/06/28,,11,1,6324,12550910,CI,C I G N A CORP,,CI,,N,A,R,20357,0,1,6324,12552310,,,,,,,,0.000,63.000,632.000,,,,,,,,,,,,,,,97.310,99.600,97.420,868000.000,-0.005614,97.310,97.600,140877.000,3.000,3.000,97.860,,-0.005614,0.002,0.002,0.012,0.012,-0.001
64186,2002/07/01,,11,1,6324,12550910,CI,C I G N A CORP,,CI,,N,A,R,20357,0,1,6324,12552310,,,,,,,,,63.000,632.000,,,,,,,,,,,,,,,95.970,97.950,96.120,840400.000,-0.013344,96.010,96.220,140877.000,3.000,3.000,97.500,,-0.013344,-0.022,-0.022,-0.019,-0.019,-0.021
64186,2002/07/02,,11,1,6324,12550910,CI,C I G N A CORP,,CI,,N,A,R,20357,0,1,6324,12552310,,,,,,,,,63.000,632.000,,,,,,,,,,,,,,,94.140,96.950,94.400,1008700.000,-0.017894,94.110,94.330,140877.000,3.000,3.000,95.900,,-0.017894,-0.022,-0.023,-0.023,-0.023,-0.021
64186,2002/07/03,,11,1,6324,12550910,CI,C I G N A CORP,,CI,,N,A,R,20357,0,1,6324,12552310,,,,,,,,,63.000,632.000,,,,,,,,,,,,,,,94.300,95.880,95.360,649800.000,0.010169,95.250,95.470,140877.000,3.000,3.000,94.300,,0.010169,0.004,0.004,-0.005,-0.005,0.006
64186,2002/07/05,,11,1,6324,12550910,CI,C I G N A CORP,,CI,,N,A,R,20357,0,1,6324,12552310,,,,,,,,,63.000,632.000,,,,,,,,,,,,,,,95.700,98.250,97.630,289100.000,0.023804,97.520,97.780,140877.000,3.000,3.000,96.000,,0.023804,0.034,0.034,0.022,0.022,0.037
64186,2002/07/08,,11,1,6324,12550910,CI,C I G N A CORP,,CI,,N,A,R,20357,0,1,6324,12552310,,,,,,,,,63.000,632.000,,,,,,,,,,,,,,,96.400,98.400,96.790,524300.000,-0.008604,96.620,96.900,140877.000,3.000,3.000,97.500,,-0.008604,-0.011,-0.012,-0.008,-0.008,-0.012
64186,2002/07/09,,11,1,6324,12550910,CI,C I G N A CORP,,CI,,N,A,R,20357,0,1,6324,12552310,,,,,,,,,63.000,632.000,,,,,,,,,,,,,,,92.840,97.500,92.900,508100.000,-0.040190,92.930,93.140,140877.000,3.000,3.000,96.650,,-0.040190,-0.022,-0.022,-0.007,-0.007,-0.025
64186,2002/07/10,,11,1,6324,12550910,CI,C I G N A CORP,,CI,,N,A,R,20357,0,1,6324,12552310,,,,,,,,,63.000,632.000,,,,,,,,,,,,,,,89.700,94.840,89.830,1275500.000,-0.033046,89.710,89.930,140877.000,3.000,3.000,93.150,,-0.033046,-0.030,-0.030,-0.016,-0.016,-0.034
64186,2002/07/11,,11,1,6324,12550910,CI,C I G N A CORP,,CI,,N,A,R,20357,0,1,6324,12552310,,,,,,,,,63.000,632.000,,,,,,,,,,,,,,,88.200,91.800,89.500,1383400.000,-0.003674,90.670,90.780,140877.000,3.000,3.000,89.830,,-0.003674,0.005,0.005,-0.004,-0.004,0.007
64186,2002/07/12,,11,1,6324,12550910,CI,C I G N A CORP,,CI,,N,A,R,20357,0,1,6324,12552310,,,,,,,,,63.000,632.000,,,,,,,,,,,,,,,88.350,90.000,89.250,1255900.000,-0.002793,89.160,89.180,140877.000,3.000,3.000,90.000,,-0.002793,-0.006,-0.006,-0.002,-0.002,-0.006
64186,2002/07/15,,11,1,6324,12550910,CI,C I G N A CORP,,CI,,N,A,R,20357,0,1,6324,12552310,,,,,,,,,63.000,632.000,,,,,,,,,,,,,,,84.100,89.250,88.300,1547300.000,-0.010644,88.040,88.300,140877.000,3.000,3.000,89.250,,-0.010644,-0.005,-0.005,-0.010,-0.010,-0.004
64186,2002/07/16,,11,1,6324,12550910,CI,C I G N A CORP,,CI,,N,A,R,20357,0,1,6324,12552310,,,,,,,,,63.000,632.000,,,,,,,,,,,,,,,85.800,88.500,86.330,1095300.000,-0.022310,86.220,86.600,140877.000,3.000,3.000,87.900,,-0.022310,-0.014,-0.014,-0.000,-0.000,-0.018
64186,2002/07/17,,11,1,6324,12550910,CI,C I G N A CORP,,CI,,N,A,R,20357,0,1,6324,12552310,,,,,,,,,63.000,632.000,,,,,,,,,,,,,,,84.550,87.950,85.330,1027800.000,-0.011583,85.380,85.500,140877.000,3.000,3.000,86.400,,-0.011583,0.006,0.006,0.005,0.005,0.006
64186,2002/07/18,,11,1,6324,12550910,CI,C I G N A CORP,,CI,,N,A,R,20357,0,1,6324,12552310,,,,,,,,,63.000,632.000,,,,,,,,,,,,,,,82.480,87.750,82.800,1119800.000,-0.029650,82.650,82.950,140877.000,3.000,3.000,86.000,,-0.029650,-0.025,-0.025,-0.014,-0.014,-0.027
64186,2002/07/19,,11,1,6324,12550910,CI,C I G N A CORP,,CI,,N,A,R,20357,0,1,6324,12552310,,,,,,,,,63.000,632.000,,,,,,,,,,,,,,,81.750,83.740,82.160,1057100.000,-0.007729,81.920,82.260,140877.000,3.000,3.000,82.800,,-0.007729,-0.033,-0.033,-0.019,-0.019,-0.038
64186,2002/07/22,,11,1,6324,12550910,CI,C I G N A CORP,,CI,,N,A,R,20357,0,1,6324,12552310,,,,,,,,,63.000,632.000,,,,,,,,,,,,,,,79.010,85.000,79.390,1225100.000,-0.033715,79.300,79.310,140877.000,3.000,3.000,82.160,,-0.033715,-0.032,-0.032,-0.021,-0.021,-0.033
