PERMNO,date,NAMEENDT,SHRCD,EXCHCD,SICCD,NCUSIP,TICKER,COMNAM,SHRCLS,TSYMBOL,NAICS,PRIMEXCH,TRDSTAT,SECSTAT,PERMCO,ISSUNO,HEXCD,HSICCD,CUSIP,DCLRDT,DLAMT,DLPDT,DLSTCD,NEXTDT,PAYDT,RCRDDT,SHRFLG,HSICMG,HSICIG,DISTCD,DIVAMT,FACPR,FACSHR,ACPERM,ACCOMP,NWPERM,DLRETX,DLPRC,DLRET,TRTSCD,NMSIND,MMCNT,NSDINX,BIDLO,ASKHI,PRC,VOL,RET,BID,ASK,SHROUT,CFACPR,CFACSHR,OPENPRC,NUMTRD,RETX,vwretd,vwretx,ewretd,ewretx,sprtrn
25320,2001/01/02,,11,1,2032,13442910,CPB,CAMPBELL SOUP CO,,,,N,A,R,20384,0,1,2032,13442910,,,,,,,,,,,,,,,,,,,,,,,,,34.312,35.438,34.750,982700.000,0.003610,34.500,35.000,420251.000,1.000,1.000,34.688,,0.003610,-0.034,-0.034,-0.001,-0.001,-0.028
25320,2001/01/03,,11,1,2032,13442910,CPB,CAMPBELL SOUP CO,,,,N,A,R,20384,0,1,2032,13442910,2000/11/16,,,,,2001/01/31,2001/01/05,0.000,,,1232.000,0.225,0.000,0.000,,,,,,,,,,,32.750,35.438,33.375,1678300.000,-0.033094,33.125,33.625,420251.000,1.000,1.000,34.875,,-0.039568,0.053,0.053,0.046,0.046,0.050
25320,2001/01/04,,11,1,2032,13442910,CPB,CAMPBELL SOUP CO,,,,N,A,R,20384,0,1,2032,13442910,,,,,,,,,,,,,,,,,,,,,,,,,31.000,33.188,31.562,1481600.000,-0.054307,31.250,31.875,420251.000,1.000,1.000,33.125,,-0.054307,-0.012,-0.012,0.011,0.011,-0.011
25320,2001/01/05,,11,1,2032,13442910,CPB,CAMPBELL SOUP CO,,,,N,A,R,20384,0,1,2032,13442910,,,,,,,,,,,,,,,,,,,,,,,,,31.562,32.688,32.500,661500.000,0.029703,32.250,32.750,420251.000,1.000,1.000,31.562,,0.029703,-0.029,-0.029,-0.009,-0.009,-0.026
25320,2001/01/08,,11,1,2032,13442910,CPB,CAMPBELL SOUP CO,,,,N,A,R,20384,0,1,2032,13442910,,,,,,,,,,,,,,,,,,,,,,,,,32.062,32.750,32.750,574600.000,0.007692,32.500,33.000,420251.000,1.000,1.000,32.562,,0.007692,-0.003,-0.004,-0.005,-0.005,-0.002
25320,2001/01/09,,11,1,2032,13442910,CPB,CAMPBELL SOUP CO,,,,N,A,R,20384,0,1,2032,13442910,,,,,,,,,,,,,,,,,,,,,,,,,32.500,33.688,33.562,866300.000,0.024809,33.312,33.812,420251.000,1.000,1.000,32.938,,0.024809,0.005,0.005,0.012,0.012,0.004
25320,2001/01/10,,11,1,2032,13442910,CPB,CAMPBELL SOUP CO,,,,N,A,R,20384,0,1,2032,13442910,,,,,,,,,,,,,,,,,,,,,,,,,32.812,33.625,33.125,586400.000,-0.013035,32.875,33.375,420251.000,1.000,1.000,33.562,,-0.013035,0.014,0.014,0.021,0.020,0.010
25320,2001/01/11,,11,1,2032,13442910,CPB,CAMPBELL SOUP CO,,,,N,A,R,20384,0,1,2032,13442910,,,,,,,,,,,,,,,,,,,,,,,,,32.375,33.188,32.438,808700.000,-0.020755,32.000,32.938,420251.000,1.000,1.000,33.062,,-0.020755,0.015,0.015,0.027,0.027,0.010
25320,2001/01/12,,11,1,2032,13442910,CPB,CAMPBELL SOUP CO,,,,N,A,R,20384,0,1,2032,13442910,,,,,,,,,,,,,,,,,,,,,,,,,31.562,32.500,32.062,745800.000,-0.011561,31.812,32.312,420251.000,1.000,1.000,32.500,,-0.011561,-0.004,-0.004,0.019,0.019,-0.006
25320,2001/01/16,,11,1,2032,13442910,CPB,CAMPBELL SOUP CO,,,,N,A,R,20384,0,1,2032,13442910,,,,,,,,,,,,,,,,,,,,,,,,,32.312,33.438,33.375,688200.000,0.040936,33.125,33.625,420251.000,1.000,1.000,32.438,,0.040936,0.006,0.006,0.019,0.019,0.006
25320,2001/01/17,,11,1,2032,13442910,CPB,CAMPBELL SOUP CO,,,,N,A,R,20384,0,1,2032,13442910,,,,,,,,,,,,,,,,,,,,,,,,,33.000,33.750,33.688,776300.000,0.009363,33.438,33.938,420251.000,1.000,1.000,33.125,,0.009363,0.004,0.004,0.013,0.013,0.002
25320,2001/01/18,,11,1,2032,13442910,CPB,CAMPBELL SOUP CO,,,,N,A,R,20384,0,1,2032,13442910,,,,,,,,,,,,,,,,,,,,,,,,,33.125,33.688,33.125,1300400.000,-0.016698,32.875,33.375,420251.000,1.000,1.000,33.688,,-0.016698,0.012,0.012,0.009,0.008,0.014
25320,2001/01/19,,11,1,2032,13442910,CPB,CAMPBELL SOUP CO,,,,N,A,R,20384,0,1,2032,13442910,,,,,,,,,,,,,,,,,,,,,,,,,32.250,33.250,32.562,1068500.000,-0.016981,32.312,32.812,420251.000,1.000,1.000,33.250,,-0.016981,-0.004,-0.004,0.004,0.004,-0.004
25320,2001/01/22,,11,1,2032,13442910,CPB,CAMPBELL SOUP CO,,,,N,A,R,20384,0,1,2032,13442910,,,,,,,,,,,,,,,,,,,,,,,,,31.875,32.625,32.625,668900.000,0.001919,32.125,33.000,420251.000,1.000,1.000,32.312,,0.001919,0.000,0.000,0.005,0.005,0.000
25320,2001/01/23,,11,1,2032,13442910,CPB,CAMPBELL SOUP CO,,,,N,A,R,20384,0,1,2032,13442910,,,,,,,,,,,,,,,,,,,,,,,,,31.750,32.750,32.125,848800.000,-0.015326,31.875,32.375,420251.000,1.000,1.000,32.625,,-0.015326,0.016,0.016,0.015,0.015,0.013
25320,2001/01/24,,11,1,2032,13442910,CPB,CAMPBELL SOUP CO,,,,N,A,R,20384,0,1,2032,13442910,,,,,,,,,,,,,,,,,,,,,,,,,31.125,32.062,31.625,786500.000,-0.015564,31.375,31.875,420251.000,1.000,1.000,32.062,,-0.015564,0.003,0.003,0.007,0.007,0.003
25320,2001/01/25,,11,1,2032,13442910,CPB,CAMPBELL SOUP CO,,,,N,A,R,20384,0,1,2032,13442910,,,,,,,,,,,,,,,,,,,,,,,,,31.375,32.062,31.875,774300.000,0.007905,31.625,32.125,420251.000,1.000,1.000,31.625,,0.007905,-0.008,-0.008,-0.003,-0.003,-0.005
25320,2001/01/26,,11,1,2032,13442910,CPB,CAMPBELL SOUP CO,,,,N,A,R,20384,0,1,2032,13442910,,,,,,,,,,,,,,,,,,,,,,,,,31.625,32.312,31.938,503200.000,0.001961,31.688,32.188,420251.000,1.000,1.000,31.875,,0.001961,-0.001,-0.001,0.002,0.002,-0.002
25320,2001/01/29,,11,1,2032,13442910,CPB,CAMPBELL SOUP CO,,,,N,A,R,20384,0,1,2032,13442910,,,,,,,,,,,,,,,,,,,,,,,,,32.080,32.900,32.450,859900.000,0.016047,32.300,32.700,420251.000,1.000,1.000,32.500,,0.016047,0.009,0.009,0.010,0.010,0.007
25320,2001/01/30,,11,1,2032,13442910,CPB,CAMPBELL SOUP CO,,,,N,A,R,20384,0,1,2032,13442910,,,,,,,,,,,,,,,,,,,,,,,,,32.650,33.050,32.900,721800.000,0.013868,32.650,33.150,420251.000,1.000,1.000,32.800,,0.013868,0.007,0.007,0.010,0.009,0.007
25320,2001/01/31,,11,1,2032,13442910,CPB,CAMPBELL SOUP CO,,,,N,A,R,20384,0,1,2032,13442910,,,,,,,,0.000,,,,,,,,,,,,,,,,,32.520,33.000,32.900,763300.000,0.000000,32.650,33.150,420251.000,1.000,1.000,32.700,,0.000000,-0.007,-0.007,-0.000,-0.000,-0.006
25320,2001/02/01,,11,1,2032,13442910,CPB,CAMPBELL SOUP CO,,,,N,A,R,20384,0,1,2032,13442910,,,,,,,,,,,,,,,,,,,,,,,,,32.350,33.000,32.740,545700.000,-0.004863,32.490,32.990,420251.000,1.000,1.000,32.950,,-0.004863,0.004,0.004,0.002,0.002,0.005
25320,2001/02/02,,11,1,2032,13442910,CPB,CAMPBELL SOUP CO,,,,N,A,R,20384,0,1,2032,13442910,,,,,,,,,,,,,,,,,,,,,,,,,31.380,32.515,31.490,2560700.000,-0.038180,31.240,31.740,420251.000,1.000,1.000,32.000,,-0.038180,-0.019,-0.019,-0.009,-0.009,-0.017
25320,2001/02/05,,11,1,2032,13442910,CPB,CAMPBELL SOUP CO,,,,N,A,R,20384,0,1,2032,13442910,,,,,,,,,,,,,,,,,,,,,,,,,31.400,31.990,31.960,1181400.000,0.014925,31.710,32.210,420251.000,1.000,1.000,31.490,,0.014925,0.002,0.002,-0.004,-0.004,0.004
25320,2001/02/06,,11,1,2032,13442910,CPB,CAMPBELL SOUP CO,,,,N,A,R,20384,0,1,2032,13442910,,,,,,,,,,,,,,,,,,,,,,,,,31.300,31.950,31.700,1324600.000,-0.008135,31.460,31.960,420251.000,1.000,1.000,31.950,,-0.008135,0.000,0.000,0.002,0.002,-0.002
25320,2001/02/07,,11,1,2032,13442910,CPB,CAMPBELL SOUP CO,,,,N,A,R,20384,0,1,2032,13442910,,,,,,,,,,,,,,,,,,,,,,,,,31.200,31.990,31.400,949200.000,-0.009464,31.150,31.650,420251.000,1.000,1.000,31.700,,-0.009464,-0.009,-0.009,-0.004,-0.004,-0.008
25320,2001/02/08,,11,1,2032,13442910,CPB,CAMPBELL SOUP CO,,,,N,A,R,20384,0,1,2032,13442910,,,,,,,,,,,,,,,,,,,,,,,,,31.400,31.800,31.550,1166800.000,0.004777,31.300,31.800,420251.000,1.000,1.000,31.500,,0.004777,-0.006,-0.007,-0.003,-0.003,-0.006
25320,2001/02/09,,11,1,2032,13442910,CPB,CAMPBELL SOUP CO,,,,N,A,R,20384,0,1,2032,13442910,,,,,,,,,,,,,,,,,,,,,,,,,31.410,31.790,31.530,375600.000,-0.000634,31.250,32.000,420251.000,1.000,1.000,31.700,,-0.000634,-0.014,-0.014,-0.009,-0.009,-0.013
25320,2001/02/12,,11,1,2032,13442910,CPB,CAMPBELL SOUP CO,,,,N,A,R,20384,0,1,2032,13442910,,,,,,,,,,,,,,,,,,,,,,,,,30.980,31.590,31.250,936800.000,-0.008880,31.000,31.500,420251.000,1.000,1.000,31.530,,-0.008880,0.010,0.010,0.005,0.005,0.012
25320,2001/02/13,,11,1,2032,13442910,CPB,CAMPBELL SOUP CO,,,,N,A,R,20384,0,1,2032,13442910,,,,,,,,,,,,,,,,,,,,,,,,,30.280,31.250,30.730,1388400.000,-0.016640,30.480,30.980,420251.000,1.000,1.000,31.250,,-0.016640,-0.009,-0.009,-0.003,-0.004,-0.009
25320,2001/02/14,,11,1,2032,13442910,CPB,CAMPBELL SOUP CO,,,,N,A,R,20384,0,1,2032,13442910,,,,,,,,,,,,,,,,,,,,,,,,,29.700,30.730,30.020,1458000.000,-0.023104,29.770,30.270,420251.000,1.000,1.000,30.730,,-0.023104,-0.000,-0.000,-0.000,-0.001,-0.002
25320,2001/02/15,,11,1,2032,13442910,CPB,CAMPBELL SOUP CO,,,,N,A,R,20384,0,1,2032,13442910,,,,,,,,,,,,,,,,,,,,,,,,,28.950,29.350,29.130,1309400.000,-0.029647,28.880,29.380,420251.000,1.000,1.000,29.250,,-0.029647,0.009,0.009,0.009,0.009,0.008
25320,2001/02/16,,11,1,2032,13442910,CPB,CAMPBELL SOUP CO,,,,N,A,R,20384,0,1,2032,13442910,,,,,,,,,,,,,,,,,,,,,,,,,29.130,30.160,29.900,1334400.000,0.026433,29.650,30.150,420251.000,1.000,1.000,29.180,,0.026433,-0.021,-0.021,-0.014,-0.014,-0.019
25320,2001/02/20,,11,1,2032,13442910,CPB,CAMPBELL SOUP CO,,,,N,A,R,20384,0,1,2032,13442910,,,,,,,,,,,,,,,,,,,,,,,,,29.630,30.350,30.100,709500.000,0.006689,29.850,30.350,420251.000,1.000,1.000,29.900,,0.006689,-0.019,-0.019,-0.012,-0.012,-0.017
25320,2001/02/21,,11,1,2032,13442910,CPB,CAMPBELL SOUP CO,,,,N,A,R,20384,0,1,2032,13442910,,,,,,,,,,,,,,,,,,,,,,,,,29.750,30.400,29.920,635600.000,-0.005980,29.670,30.170,420251.000,1.000,1.000,30.300,,-0.005980,-0.018,-0.018,-0.016,-0.016,-0.019
25320,2001/02/22,,11,1,2032,13442910,CPB,CAMPBELL SOUP CO,,,,N,A,R,20384,0,1,2032,13442910,,,,,,,,,,,,,,,,,,,,,,,,,28.760,29.950,29.330,947700.000,-0.019719,28.830,29.830,420251.000,1.000,1.000,29.700,,-0.019719,-0.005,-0.005,-0.011,-0.011,-0.002
25320,2001/02/23,,11,1,2032,13442910,CPB,CAMPBELL SOUP CO,,,,N,A,R,20384,0,1,2032,13442910,,,,,,,,,,,,,,,,,,,,,,,,,28.700,29.530,29.090,696900.000,-0.008183,28.840,29.340,420251.000,1.000,1.000,29.530,,-0.008183,-0.004,-0.004,-0.003,-0.003,-0.006
25320,2001/02/26,,11,1,2032,13442910,CPB,CAMPBELL SOUP CO,,,,N,A,R,20384,0,1,2032,13442910,,,,,,,,,,,,,,,,,,,,,,,,,28.650,29.400,29.030,527000.000,-0.002063,28.780,29.280,420251.000,1.000,1.000,29.400,,-0.002063,0.019,0.019,0.016,0.016,0.017
25320,2001/02/27,,11,1,2032,13442910,CPB,CAMPBELL SOUP CO,,,,N,A,R,20384,0,1,2032,13442910,,,,,,,,,,,,,,,,,,,,,,,,,28.750,29.370,29.060,688700.000,0.001033,28.810,29.310,420251.000,1.000,1.000,29.100,,0.001033,-0.012,-0.012,-0.012,-0.012,-0.008
25320,2001/02/28,,11,1,2032,13442910,CPB,CAMPBELL SOUP CO,,,,N,A,R,20384,0,1,2032,13442910,,,,,,,,0.000,,,,,,,,,,,,,,,,,28.850,29.930,29.930,1160700.000,0.029938,29.680,30.180,420251.000,1.000,1.000,28.850,,0.029938,-0.014,-0.014,-0.008,-0.008,-0.014
25320,2001/03/01,,11,1,2032,13442910,CPB,CAMPBELL SOUP CO,,,,N,A,R,20384,0,1,2032,13442910,,,,,,,,,,,,,,,,,,,,,,,,,29.520,30.750,30.750,1447800.000,0.027397,30.500,31.000,420251.000,1.000,1.000,29.600,,0.027397,0.000,0.000,-0.006,-0.006,0.001
25320,2001/03/02,,11,1,2032,13442910,CPB,CAMPBELL SOUP CO,,,,N,A,R,20384,0,1,2032,13442910,,,,,,,,,,,,,,,,,,,,,,,,,30.140,30.960,30.470,1248100.000,-0.009106,30.220,30.720,420251.000,1.000,1.000,30.700,,-0.009106,-0.005,-0.005,0.005,0.005,-0.006
25320,2001/03/05,,11,1,2032,13442910,CPB,CAMPBELL SOUP CO,,,,N,A,R,20384,0,1,2032,13442910,,,,,,,,,,,,,,,,,,,,,,,,,30.110,30.610,30.600,585800.000,0.004267,30.350,30.850,420251.000,1.000,1.000,30.500,,0.004267,0.005,0.005,0.002,0.002,0.006
25320,2001/03/06,,11,1,2032,13442910,CPB,CAMPBELL SOUP CO,,,,N,A,R,20384,0,1,2032,13442910,,,,,,,,,,,,,,,,,,,,,,,,,30.010,30.500,30.210,913500.000,-0.012745,29.960,30.460,420251.000,1.000,1.000,30.500,,-0.012745,0.011,0.011,0.010,0.010,0.010
25320,2001/03/07,,11,1,2032,13442910,CPB,CAMPBELL SOUP CO,,,,N,A,R,20384,0,1,2032,13442910,,,,,,,,,,,,,,,,,,,,,,,,,30.030,30.480,30.340,682200.000,0.004303,30.090,30.590,420251.000,1.000,1.000,30.150,,0.004303,0.006,0.006,0.006,0.005,0.006
25320,2001/03/08,,11,1,2032,13442910,CPB,CAMPBELL SOUP CO,,,,N,A,R,20384,0,1,2032,13442910,,,,,,,,,,,,,,,,,,,,,,,,,30.250,31.050,31.050,569800.000,0.023401,30.800,31.300,420251.000,1.000,1.000,30.250,,0.023401,-0.001,-0.001,-0.004,-0.004,0.002
25320,2001/03/09,,11,1,2032,13442910,CPB,CAMPBELL SOUP CO,,,,N,A,R,20384,0,1,2032,13442910,,,,,,,,,,,,,,,,,,,,,,,,,30.720,31.200,31.000,596600.000,-0.001610,30.750,31.250,420251.000,1.000,1.000,31.000,,-0.001610,-0.024,-0.024,-0.015,-0.015,-0.025
25320,2001/03/12,,11,1,2032,13442910,CPB,CAMPBELL SOUP CO,,,,N,A,R,20384,0,1,2032,13442910,,,,,,,,,,,,,,,,,,,,,,,,,30.730,31.210,30.780,482700.000,-0.007097,30.530,31.030,420251.000,1.000,1.000,30.900,,-0.007097,-0.042,-0.042,-0.031,-0.031,-0.043
25320,2001/03/13,,11,1,2032,13442910,CPB,CAMPBELL SOUP CO,,,,N,A,R,20384,0,1,2032,13442910,,,,,,,,,,,,,,,,,,,,,,,,,30.170,30.780,30.750,680100.000,-0.000975,30.500,31.000,420251.000,1.000,1.000,30.780,,-0.000975,0.015,0.015,0.005,0.005,0.015
25320,2001/03/14,,11,1,2032,13442910,CPB,CAMPBELL SOUP CO,,,,N,A,R,20384,0,1,2032,13442910,,,,,,,,,,,,,,,,,,,,,,,,,29.930,30.740,30.500,665300.000,-0.008130,30.250,30.750,420251.000,1.000,1.000,30.550,,-0.008130,-0.025,-0.025,-0.018,-0.018,-0.026
25320,2001/03/15,,11,1,2032,13442910,CPB,CAMPBELL SOUP CO,,,,N,A,R,20384,0,1,2032,13442910,,,,,,,,,,,,,,,,,,,,,,,,,29.500,30.500,30.400,1023200.000,-0.003279,30.150,30.650,420251.000,1.000,1.000,30.500,,-0.003279,0.003,0.003,-0.000,-0.000,0.006
25320,2001/03/16,,11,1,2032,13442910,CPB,CAMPBELL SOUP CO,,,,N,A,R,20384,0,1,2032,13442910,,,,,,,,,,,,,,,,,,,,,,,,,29.230,30.750,30.250,1765000.000,-0.004934,30.000,30.500,420251.000,1.000,1.000,29.500,,-0.004934,-0.021,-0.021,-0.018,-0.018,-0.020
25320,2001/03/19,,11,1,2032,13442910,CPB,CAMPBELL SOUP CO,,,,N,A,R,20384,0,1,2032,13442910,,,,,,,,,,,,,,,,,,,,,,,,,30.110,30.950,30.950,608700.000,0.023141,30.700,31.200,420251.000,1.000,1.000,30.400,,0.023141,0.019,0.019,0.009,0.009,0.018
25320,2001/03/20,,11,1,2032,13442910,CPB,CAMPBELL SOUP CO,,,,N,A,R,20384,0,1,2032,13442910,,,,,,,,,,,,,,,,,,,,,,,,,30.300,30.880,30.520,839500.000,-0.013893,30.270,30.770,420251.000,1.000,1.000,30.700,,-0.013893,-0.023,-0.023,-0.008,-0.009,-0.024
25320,2001/03/21,,11,1,2032,13442910,CPB,CAMPBELL SOUP CO,,,,N,A,R,20384,0,1,2032,13442910,,,,,,,,,,,,,,,,,,,,,,,,,29.700,30.510,29.760,600400.000,-0.024902,29.510,30.010,420251.000,1.000,1.000,30.500,,-0.024902,-0.019,-0.019,-0.016,-0.016,-0.018
25320,2001/03/22,,11,1,2032,13442910,CPB,CAMPBELL SOUP CO,,,,N,A,R,20384,0,1,2032,13442910,,,,,,,,,,,,,,,,,,,,,,,,,29.080,30.030,29.770,728500.000,0.000336,29.520,30.020,420251.000,1.000,1.000,30.000,,0.000336,-0.004,-0.005,-0.011,-0.011,-0.004
25320,2001/03/23,,11,1,2032,13442910,CPB,CAMPBELL SOUP CO,,,,N,A,R,20384,0,1,2032,13442910,,,,,,,,,,,,,,,,,,,,,,,,,28.800,29.740,29.600,616100.000,-0.005710,29.350,29.850,420251.000,1.000,1.000,29.250,,-0.005710,0.020,0.020,0.021,0.021,0.020
25320,2001/03/26,,11,1,2032,13442910,CPB,CAMPBELL SOUP CO,,,,N,A,R,20384,0,1,2032,13442910,,,,,,,,,,,,,,,,,,,,,,,,,29.100,29.850,29.490,522700.000,-0.003716,29.240,29.740,420251.000,1.000,1.000,29.850,,-0.003716,0.011,0.011,0.007,0.007,0.011
25320,2001/03/27,,11,1,2032,13442910,CPB,CAMPBELL SOUP CO,,,,N,A,R,20384,0,1,2032,13442910,,,,,,,,,,,,,,,,,,,,,,,,,29.020,29.490,29.190,1259600.000,-0.010173,28.940,29.440,420251.000,1.000,1.000,29.490,,-0.010173,0.023,0.023,0.009,0.009,0.026
25320,2001/03/28,,11,1,2032,13442910,CPB,CAMPBELL SOUP CO,,,,N,A,R,20384,0,1,2032,13442910,,,,,,,,,,,,,,,,,,,,,,,,,29.000,29.520,29.340,547500.000,0.005139,28.840,29.840,420251.000,1.000,1.000,29.220,,0.005139,-0.026,-0.026,-0.018,-0.018,-0.024
25320,2001/03/29,,11,1,2032,13442910,CPB,CAMPBELL SOUP CO,,,,N,A,R,20384,0,1,2032,13442910,,,,,,,,,,,,,,,,,,,,,,,,,28.630,29.710,29.500,812100.000,0.005453,29.250,29.750,420251.000,1.000,1.000,29.190,,0.005453,-0.005,-0.005,-0.007,-0.007,-0.005
25320,2001/03/30,,11,1,2032,13442910,CPB,CAMPBELL SOUP CO,,,,N,A,R,20384,0,1,2032,13442910,,,,,,,,0.000,,,,,,,,,,,,,,,,,29.310,29.970,29.870,399800.000,0.012542,29.620,30.120,408315.000,1.000,1.000,29.540,,0.012542,0.012,0.012,0.016,0.016,0.011
25320,2001/04/02,,11,1,2032,13442910,CPB,CAMPBELL SOUP CO,,,,N,A,R,20384,0,1,2032,13442910,,,,,,,,,,,,,,,,,,,,,,,,,29.140,30.110,29.380,644100.000,-0.016404,29.130,29.630,408315.000,1.000,1.000,29.670,,-0.016404,-0.016,-0.016,-0.021,-0.021,-0.012
25320,2001/04/03,,11,1,2032,13442910,CPB,CAMPBELL SOUP CO,,,,N,A,R,20384,0,1,2032,13442910,,,,,,,,,,,,,,,,,,,,,,,,,28.870,29.500,29.140,553400.000,-0.008169,28.890,29.390,408315.000,1.000,1.000,29.500,,-0.008169,-0.036,-0.036,-0.034,-0.034,-0.034
25320,2001/04/04,,11,1,2032,13442910,CPB,CAMPBELL SOUP CO,,,,N,A,R,20384,0,1,2032,13442910,2001/03/22,,,,,2001/04/30,2001/04/06,0.000,,,1232.000,0.225,0.000,0.000,,,,,,,,,,,28.960,29.800,29.780,680300.000,0.029684,29.530,30.030,408315.000,1.000,1.000,29.030,,0.021963,-0.003,-0.003,-0.008,-0.008,-0.003
25320,2001/04/05,,11,1,2032,13442910,CPB,CAMPBELL SOUP CO,,,,N,A,R,20384,0,1,2032,13442910,,,,,,,,,,,,,,,,,,,,,,,,,29.040,30.000,29.560,465800.000,-0.007388,29.060,30.000,408315.000,1.000,1.000,30.000,,-0.007388,0.046,0.046,0.039,0.039,0.044
25320,2001/04/06,,11,1,2032,13442910,CPB,CAMPBELL SOUP CO,,,,N,A,R,20384,0,1,2032,13442910,,,,,,,,,,,,,,,,,,,,,,,,,28.750,29.710,29.110,504400.000,-0.015223,28.860,29.360,408315.000,1.000,1.000,29.500,,-0.015223,-0.020,-0.020,-0.013,-0.013,-0.020
25320,2001/04/09,,11,1,2032,13442910,CPB,CAMPBELL SOUP CO,,,,N,A,R,20384,0,1,2032,13442910,,,,,,,,,,,,,,,,,,,,,,,,,29.180,29.780,29.530,473300.000,0.014428,29.280,29.780,408315.000,1.000,1.000,29.200,,0.014428,0.009,0.009,0.006,0.006,0.008
25320,2001/04/10,,11,1,2032,13442910,CPB,CAMPBELL SOUP CO,,,,N,A,R,20384,0,1,2032,13442910,,,,,,,,,,,,,,,,,,,,,,,,,29.130,29.800,29.630,453300.000,0.003386,29.380,29.880,408315.000,1.000,1.000,29.530,,0.003386,0.029,0.029,0.023,0.023,0.027
25320,2001/04/11,,11,1,2032,13442910,CPB,CAMPBELL SOUP CO,,,,N,A,R,20384,0,1,2032,13442910,,,,,,,,,,,,,,,,,,,,,,,,,28.250,29.260,29.230,653500.000,-0.013500,28.730,29.650,408315.000,1.000,1.000,28.900,,-0.013500,-0.001,-0.001,0.007,0.007,-0.002
25320,2001/04/12,,11,1,2032,13442910,CPB,CAMPBELL SOUP CO,,,,N,A,R,20384,0,1,2032,13442910,,,,,,,,,,,,,,,,,,,,,,,,,28.700,29.550,29.550,512500.000,0.010948,29.300,29.800,408315.000,1.000,1.000,29.050,,0.010948,0.016,0.016,0.015,0.015,0.015
25320,2001/04/16,,11,1,2032,13442910,CPB,CAMPBELL SOUP CO,,,,N,A,R,20384,0,1,2032,13442910,,,,,,,,,,,,,,,,,,,,,,,,,29.100,30.060,29.650,928600.000,0.003384,29.400,29.900,408315.000,1.000,1.000,30.000,,0.003384,-0.005,-0.005,-0.004,-0.004,-0.003
25320,2001/04/17,,11,1,2032,13442910,CPB,CAMPBELL SOUP CO,,,,N,A,R,20384,0,1,2032,13442910,,,,,,,,,,,,,,,,,,,,,,,,,29.850,30.280,30.210,778100.000,0.018887,29.960,30.460,408315.000,1.000,1.000,29.900,,0.018887,0.010,0.010,0.005,0.005,0.010
25320,2001/04/18,,11,1,2032,13442910,CPB,CAMPBELL SOUP CO,,,,N,A,R,20384,0,1,2032,13442910,,,,,,,,,,,,,,,,,,,,,,,,,29.760,30.400,30.250,1141000.000,0.001324,30.000,30.500,408315.000,1.000,1.000,30.210,,0.001324,0.040,0.040,0.029,0.029,0.039
25320,2001/04/19,,11,1,2032,13442910,CPB,CAMPBELL SOUP CO,,,,N,A,R,20384,0,1,2032,13442910,,,,,,,,,,,,,,,,,,,,,,,,,29.760,30.400,30.100,548800.000,-0.004959,30.030,30.350,408315.000,1.000,1.000,30.350,,-0.004959,0.015,0.015,0.016,0.016,0.013
25320,2001/04/20,,11,1,2032,13442910,CPB,CAMPBELL SOUP CO,,,,N,A,R,20384,0,1,2032,13442910,,,,,,,,,,,,,,,,,,,,,,,,,29.190,30.100,29.690,592700.000,-0.013621,29.190,30.000,408315.000,1.000,1.000,30.100,,-0.013621,-0.008,-0.008,0.001,0.001,-0.009
25320,2001/04/23,,11,1,2032,13442910,CPB,CAMPBELL SOUP CO,,,,N,A,R,20384,0,1,2032,13442910,,,,,,,,,,,,,,,,,,,,,,,,,29.170,30.050,29.450,426500.000,-0.008084,29.150,29.900,408315.000,1.000,1.000,29.800,,-0.008084,-0.017,-0.017,-0.008,-0.008,-0.015
25320,2001/04/24,,11,1,2032,13442910,CPB,CAMPBELL SOUP CO,,,,N,A,R,20384,0,1,2032,13442910,,,,,,,,,,,,,,,,,,,,,,,,,29.130,29.750,29.560,541500.000,0.003735,29.250,29.900,408315.000,1.000,1.000,29.500,,0.003735,-0.011,-0.011,0.002,0.002,-0.012
25320,2001/04/25,,11,1,2032,13442910,CPB,CAMPBELL SOUP CO,,,,N,A,R,20384,0,1,2032,13442910,,,,,,,,,,,,,,,,,,,,,,,,,29.380,30.180,30.050,373300.000,0.016576,29.750,30.450,408315.000,1.000,1.000,29.570,,0.016576,0.016,0.016,0.012,0.011,0.016
25320,2001/04/26,,11,1,2032,13442910,CPB,CAMPBELL SOUP CO,,,,N,A,R,20384,0,1,2032,13442910,,,,,,,,,,,,,,,,,,,,,,,,,29.590,30.750,30.220,613200.000,0.005657,29.800,30.600,408315.000,1.000,1.000,29.990,,0.005657,0.005,0.005,0.008,0.007,0.005
25320,2001/04/27,,11,1,2032,13442910,CPB,CAMPBELL SOUP CO,,,,N,A,R,20384,0,1,2032,13442910,,,,,,,,,,,,,,,,,,,,,,,,,30.070,30.700,30.700,393400.000,0.015884,30.350,31.150,408315.000,1.000,1.000,30.220,,0.015884,0.014,0.014,0.011,0.011,0.015
25320,2001/04/30,,11,1,2032,13442910,CPB,CAMPBELL SOUP CO,,,,N,A,R,20384,0,1,2032,13442910,,,,,,,,0.000,,,,,,,,,,,,,,,,,30.260,30.940,30.440,486900.000,-0.008469,29.940,30.940,408315.000,1.000,1.000,30.610,,-0.008469,0.001,0.001,0.010,0.010,-0.003
25320,2001/05/01,,11,1,2032,13442910,CPB,CAMPBELL SOUP CO,,,,N,A,R,20384,0,1,2032,13442910,,,,,,,,,,,,,,,,,,,,,,,,,30.210,30.850,30.840,393700.000,0.013141,30.590,31.090,408315.000,1.000,1.000,30.440,,0.013141,0.013,0.013,0.010,0.010,0.014
25320,2001/05/02,,11,1,2032,13442910,CPB,CAMPBELL SOUP CO,,,,N,A,R,20384,0,1,2032,13442910,,,,,,,,,,,,,,,,,,,,,,,,,30.210,30.840,30.590,373000.000,-0.008106,30.340,30.840,408315.000,1.000,1.000,30.840,,-0.008106,0.003,0.003,0.012,0.012,0.001
25320,2001/05/03,,11,1,2032,13442910,CPB,CAMPBELL SOUP CO,,,,N,A,R,20384,0,1,2032,13442910,,,,,,,,,,,,,,,,,,,,,,,,,29.760,30.400,30.300,364600.000,-0.009480,30.050,30.550,408315.000,1.000,1.000,30.340,,-0.009480,-0.015,-0.015,-0.005,-0.006,-0.015
25320,2001/05/04,,11,1,2032,13442910,CPB,CAMPBELL SOUP CO,,,,N,A,R,20384,0,1,2032,13442910,,,,,,,,,,,,,,,,,,,,,,,,,30.020,30.710,30.690,440000.000,0.012871,30.440,30.940,408315.000,1.000,1.000,30.100,,0.012871,0.014,0.014,0.011,0.011,0.014
25320,2001/05/07,,11,1,2032,13442910,CPB,CAMPBELL SOUP CO,,,,N,A,R,20384,0,1,2032,13442910,,,,,,,,,,,,,,,,,,,,,,,,,30.390,30.950,30.950,244100.000,0.008472,30.600,31.450,408315.000,1.000,1.000,30.440,,0.008472,-0.003,-0.003,0.001,0.001,-0.002
25320,2001/05/08,,11,1,2032,13442910,CPB,CAMPBELL SOUP CO,,,,N,A,R,20384,0,1,2032,13442910,,,,,,,,,,,,,,,,,,,,,,,,,30.500,30.970,30.900,350500.000,-0.001616,30.650,31.150,408315.000,1.000,1.000,30.500,,-0.001616,-0.001,-0.001,0.005,0.005,-0.002
25320,2001/05/09,,11,1,2032,13442910,CPB,CAMPBELL SOUP CO,,,,N,A,R,20384,0,1,2032,13442910,,,,,,,,,,,,,,,,,,,,,,,,,30.340,30.900,30.700,421400.000,-0.006472,30.450,30.950,408315.000,1.000,1.000,30.900,,-0.006472,-0.004,-0.004,0.001,0.001,-0.004
25320,2001/05/10,,11,1,2032,13442910,CPB,CAMPBELL SOUP CO,,,,N,A,R,20384,0,1,2032,13442910,,,,,,,,,,,,,,,,,,,,,,,,,30.700,30.990,30.860,442800.000,0.005212,30.610,31.110,408315.000,1.000,1.000,30.850,,0.005212,-0.000,-0.001,0.003,0.003,-0.000
25320,2001/05/11,,11,1,2032,13442910,CPB,CAMPBELL SOUP CO,,,,N,A,R,20384,0,1,2032,13442910,,,,,,,,,,,,,,,,,,,,,,,,,30.500,31.000,30.740,375700.000,-0.003889,30.500,31.000,408315.000,1.000,1.000,30.950,,-0.003889,-0.008,-0.008,-0.002,-0.002,-0.008
25320,2001/05/14,,11,1,2032,13442910,CPB,CAMPBELL SOUP CO,,,,N,A,R,20384,0,1,2032,13442910,,,,,,,,,,,,,,,,,,,,,,,,,30.160,30.920,30.350,521000.000,-0.012687,30.100,30.600,408315.000,1.000,1.000,30.850,,-0.012687,0.001,0.001,-0.003,-0.003,0.003
25320,2001/05/15,,11,1,2032,13442910,CPB,CAMPBELL SOUP CO,,,,N,A,R,20384,0,1,2032,13442910,,,,,,,,,,,,,,,,,,,,,,,,,29.540,30.040,29.950,846400.000,-0.013180,29.700,30.200,408315.000,1.000,1.000,29.850,,-0.013180,0.001,0.001,0.004,0.004,0.000
25320,2001/05/16,,11,1,2032,13442910,CPB,CAMPBELL SOUP CO,,,,N,A,R,20384,0,1,2032,13442910,,,,,,,,,,,,,,,,,,,,,,,,,29.490,30.180,30.000,1287300.000,0.001669,29.750,30.250,408315.000,1.000,1.000,29.700,,0.001669,0.027,0.027,0.010,0.010,0.028
25320,2001/05/17,,11,1,2032,13442910,CPB,CAMPBELL SOUP CO,,,,N,A,R,20384,0,1,2032,13442910,,,,,,,,,,,,,,,,,,,,,,,,,29.270,29.840,29.450,1026300.000,-0.018333,29.200,29.700,408315.000,1.000,1.000,29.750,,-0.018333,0.006,0.006,0.011,0.010,0.003
25320,2001/05/18,,11,1,2032,13442910,CPB,CAMPBELL SOUP CO,,,,N,A,R,20384,0,1,2032,13442910,,,,,,,,,,,,,,,,,,,,,,,,,28.680,29.440,28.760,1241700.000,-0.023430,28.510,29.010,408315.000,1.000,1.000,29.400,,-0.023430,0.003,0.003,0.005,0.005,0.003
25320,2001/05/21,,11,1,2032,13442910,CPB,CAMPBELL SOUP CO,,,,N,A,R,20384,0,1,2032,13442910,,,,,,,,,,,,,,,,,,,,,,,,,28.350,29.100,29.100,1050700.000,0.011822,28.860,29.070,408315.000,1.000,1.000,28.350,,0.011822,0.019,0.019,0.016,0.016,0.016
25320,2001/05/22,,11,1,2032,13442910,CPB,CAMPBELL SOUP CO,,,,N,A,R,20384,0,1,2032,13442910,,,,,,,,,,,,,,,,,,,,,,,,,28.600,29.000,28.750,882500.000,-0.012028,28.660,28.840,408315.000,1.000,1.000,28.900,,-0.012028,-0.002,-0.002,0.007,0.007,-0.003
25320,2001/05/23,,11,1,2032,13442910,CPB,CAMPBELL SOUP CO,,,,N,A,R,20384,0,1,2032,13442910,,,,,,,,,,,,,,,,,,,,,,,,,28.820,29.220,28.940,901100.000,0.006609,28.820,29.040,408315.000,1.000,1.000,28.900,,0.006609,-0.017,-0.017,-0.007,-0.007,-0.016
25320,2001/05/24,,11,1,2032,13442910,CPB,CAMPBELL SOUP CO,,,,N,A,R,20384,0,1,2032,13442910,,,,,,,,,,,,,,,,,,,,,,,,,28.800,29.440,29.180,722600.000,0.008293,29.090,29.280,408315.000,1.000,1.000,28.800,,0.008293,0.004,0.004,0.006,0.005,0.003
25320,2001/05/25,,11,1,2032,13442910,CPB,CAMPBELL SOUP CO,,,,N,A,R,20384,0,1,2032,13442910,,,,,,,,,,,,,,,,,,,,,,,,,28.760,29.120,28.900,423600.000,-0.009596,28.800,28.990,408315.000,1.000,1.000,29.000,,-0.009596,-0.010,-0.010,0.003,0.003,-0.012
25320,2001/05/29,,11,1,2032,13442910,CPB,CAMPBELL SOUP CO,,,,N,A,R,20384,0,1,2032,13442910,,,,,,,,,,,,,,,,,,,,,,,,,28.850,29.270,29.210,382700.000,0.010727,29.130,29.310,408315.000,1.000,1.000,28.900,,0.010727,-0.010,-0.010,-0.008,-0.008,-0.008
25320,2001/05/30,,11,1,2032,13442910,CPB,CAMPBELL SOUP CO,,,,N,A,R,20384,0,1,2032,13442910,,,,,,,,,,,,,,,,,,,,,,,,,29.080,29.440,29.200,439600.000,-0.000342,29.120,29.290,408315.000,1.000,1.000,29.080,,-0.000342,-0.018,-0.018,-0.016,-0.016,-0.016
25320,2001/05/31,,11,1,2032,13442910,CPB,CAMPBELL SOUP CO,,,,N,A,R,20384,0,1,2032,13442910,,,,,,,,0.000,,,,,,,,,,,,,,,,,28.990,29.540,29.540,665800.000,0.011644,29.350,29.550,408315.000,1.000,1.000,29.150,,0.011644,0.008,0.008,0.007,0.007,0.006
25320,2001/06/01,,11,1,2032,13442910,CPB,CAMPBELL SOUP CO,,,,N,A,R,20384,0,1,2032,13442910,,,,,,,,,,,,,,,,,,,,,,,,,29.200,29.700,29.450,530300.000,-0.003047,29.390,29.540,408315.000,1.000,1.000,29.540,,-0.003047,0.005,0.005,0.006,0.006,0.004
25320,2001/06/04,,11,1,2032,13442910,CPB,CAMPBELL SOUP CO,,,,N,A,R,20384,0,1,2032,13442910,,,,,,,,,,,,,,,,,,,,,,,,,29.200,29.660,29.630,452300.000,0.006112,29.530,29.710,408315.000,1.000,1.000,29.300,,0.006112,0.005,0.005,0.005,0.005,0.005
25320,2001/06/05,,11,1,2032,13442910,CPB,CAMPBELL SOUP CO,,,,N,A,R,20384,0,1,2032,13442910,,,,,,,,,,,,,,,,,,,,,,,,,29.300,29.720,29.600,335600.000,-0.001012,29.470,29.730,408315.000,1.000,1.000,29.430,,-0.001012,0.014,0.014,0.012,0.012,0.013
25320,2001/06/06,,11,1,2032,13442910,CPB,CAMPBELL SOUP CO,,,,N,A,R,20384,0,1,2032,13442910,,,,,,,,,,,,,,,,,,,,,,,,,28.890,29.800,29.050,574200.000,-0.018581,28.960,29.160,408315.000,1.000,1.000,29.300,,-0.018581,-0.009,-0.010,-0.003,-0.003,-0.011
25320,2001/06/07,,11,1,2032,13442910,CPB,CAMPBELL SOUP CO,,,,N,A,R,20384,0,1,2032,13442910,,,,,,,,,,,,,,,,,,,,,,,,,28.850,29.350,29.050,477600.000,0.000000,28.970,29.140,408315.000,1.000,1.000,29.200,,0.000000,0.005,0.005,0.005,0.005,0.005
25320,2001/06/08,,11,1,2032,13442910,CPB,CAMPBELL SOUP CO,,,,N,A,R,20384,0,1,2032,13442910,,,,,,,,,,,,,,,,,,,,,,,,,28.000,29.300,28.720,625300.000,-0.011360,28.590,28.800,408315.000,1.000,1.000,29.050,,-0.011360,-0.010,-0.010,-0.002,-0.002,-0.009
25320,2001/06/11,,11,1,2032,13442910,CPB,CAMPBELL SOUP CO,,,,N,A,R,20384,0,1,2032,13442910,,,,,,,,,,,,,,,,,,,,,,,,,28.400,28.810,28.500,453700.000,-0.007660,28.370,28.600,408315.000,1.000,1.000,28.750,,-0.007660,-0.010,-0.010,-0.006,-0.006,-0.008
25320,2001/06/12,,11,1,2032,13442910,CPB,CAMPBELL SOUP CO,,,,N,A,R,20384,0,1,2032,13442910,,,,,,,,,,,,,,,,,,,,,,,,,28.080,28.500,28.260,997000.000,-0.008421,28.250,28.350,408315.000,1.000,1.000,28.400,,-0.008421,0.000,0.000,-0.001,-0.001,0.001
25320,2001/06/13,,11,1,2032,13442910,CPB,CAMPBELL SOUP CO,,,,N,A,R,20384,0,1,2032,13442910,,,,,,,,,,,,,,,,,,,,,,,,,27.900,28.350,27.960,928100.000,-0.010616,27.900,28.060,408315.000,1.000,1.000,28.270,,-0.010616,-0.010,-0.010,-0.002,-0.003,-0.011
25320,2001/06/14,,11,1,2032,13442910,CPB,CAMPBELL SOUP CO,,,,N,A,R,20384,0,1,2032,13442910,,,,,,,,,,,,,,,,,,,,,,,,,27.600,28.090,27.810,794400.000,-0.005365,27.710,27.890,408315.000,1.000,1.000,27.960,,-0.005365,-0.019,-0.019,-0.015,-0.015,-0.018
25320,2001/06/15,,11,1,2032,13442910,CPB,CAMPBELL SOUP CO,,,,N,A,R,20384,0,1,2032,13442910,,,,,,,,,,,,,,,,,,,,,,,,,27.330,27.910,27.660,2963700.000,-0.005394,27.550,27.740,408315.000,1.000,1.000,27.500,,-0.005394,-0.005,-0.005,-0.005,-0.005,-0.005
25320,2001/06/18,,11,1,2032,13442910,CPB,CAMPBELL SOUP CO,,,,N,A,R,20384,0,1,2032,13442910,,,,,,,,,,,,,,,,,,,,,,,,,27.300,27.770,27.510,537700.000,-0.005423,27.410,27.620,408315.000,1.000,1.000,27.770,,-0.005423,-0.007,-0.007,-0.013,-0.013,-0.005
25320,2001/06/19,,11,1,2032,13442910,CPB,CAMPBELL SOUP CO,,,,N,A,R,20384,0,1,2032,13442910,,,,,,,,,,,,,,,,,,,,,,,,,27.200,27.650,27.510,429700.000,0.000000,27.430,27.600,408315.000,1.000,1.000,27.500,,0.000000,0.002,0.002,-0.006,-0.006,0.003
25320,2001/06/20,,11,1,2032,13442910,CPB,CAMPBELL SOUP CO,,,,N,A,R,20384,0,1,2032,13442910,,,,,,,,,,,,,,,,,,,,,,,,,27.360,28.180,27.900,701900.000,0.014177,27.820,28.010,408315.000,1.000,1.000,27.480,,0.014177,0.010,0.010,0.001,0.001,0.009
25320,2001/06/21,,11,1,2032,13442910,CPB,CAMPBELL SOUP CO,,,,N,A,R,20384,0,1,2032,13442910,,,,,,,,,,,,,,,,,,,,,,,,,27.670,28.460,27.850,738400.000,-0.001792,27.890,28.080,408315.000,1.000,1.000,27.800,,-0.001792,0.010,0.010,0.004,0.004,0.011
25320,2001/06/22,,11,1,2032,13442910,CPB,CAMPBELL SOUP CO,,,,N,A,R,20384,0,1,2032,13442910,,,,,,,,,,,,,,,,,,,,,,,,,27.560,28.130,27.570,507400.000,-0.010054,27.500,27.690,408315.000,1.000,1.000,27.850,,-0.010054,-0.009,-0.009,-0.002,-0.003,-0.009
25320,2001/06/25,,11,1,2032,13442910,CPB,CAMPBELL SOUP CO,,,,N,A,R,20384,0,1,2032,13442910,,,,,,,,,,,,,,,,,,,,,,,,,27.380,27.980,27.380,624000.000,-0.006892,27.300,27.500,408315.000,1.000,1.000,27.770,,-0.006892,-0.005,-0.005,-0.000,-0.000,-0.006
25320,2001/06/26,,11,1,2032,13442910,CPB,CAMPBELL SOUP CO,,,,N,A,R,20384,0,1,2032,13442910,,,,,,,,,,,,,,,,,,,,,,,,,27.170,27.500,27.340,593900.000,-0.001461,27.330,27.350,408315.000,1.000,1.000,27.500,,-0.001461,-0.000,-0.000,0.005,0.005,-0.002
25320,2001/06/27,,11,1,2032,13442910,CPB,CAMPBELL SOUP CO,,,,N,A,R,20384,0,1,2032,13442910,,,,,,,,,,,,,,,,,,,,,,,,,26.820,27.440,27.060,547100.000,-0.010241,26.980,27.150,408315.000,1.000,1.000,27.090,,-0.010241,-0.002,-0.002,0.004,0.004,-0.005
25320,2001/06/28,,11,1,2032,13442910,CPB,CAMPBELL SOUP CO,,,,N,A,R,20384,0,1,2032,13442910,,,,,,,,,,,,,,,,,,,,,,,,,27.180,27.800,27.360,668100.000,0.011087,27.250,27.440,408315.000,1.000,1.000,27.400,,0.011087,0.013,0.013,0.008,0.008,0.012
25320,2001/06/29,,11,1,2032,13442910,CPB,CAMPBELL SOUP CO,,,,N,A,R,20384,0,1,2032,13442910,,,,,,,,0.000,,,,,,,,,,,,,,,,,25.750,27.420,25.750,2255600.000,-0.058845,25.850,25.930,409353.000,1.000,1.000,27.310,,-0.058845,0.004,0.004,0.019,0.019,-0.001
25320,2001/07/02,,11,1,2032,13442910,CPB,CAMPBELL SOUP CO,,,,N,A,R,20384,0,1,2032,13442910,,,,,,,,,,,,,,,,,,,,,,,,,25.750,27.500,27.460,1478800.000,0.066408,27.360,27.570,409353.000,1.000,1.000,26.000,,0.066408,0.005,0.005,-0.006,-0.006,0.010
25320,2001/07/03,,11,1,2032,13442910,CPB,CAMPBELL SOUP CO,,,,N,A,R,20384,0,1,2032,13442910,2001/06/28,,,,,2001/07/31,2001/07/06,0.000,,,1232.000,0.225,0.000,0.000,,,,,,,,,,,26.550,27.430,27.370,332400.000,0.004916,27.220,27.450,409353.000,1.000,1.000,27.400,,-0.003277,-0.002,-0.002,-0.000,-0.000,-0.002
25320,2001/07/05,,11,1,2032,13442910,CPB,CAMPBELL SOUP CO,,,,N,A,R,20384,0,1,2032,13442910,,,,,,,,,,,,,,,,,,,,,,,,,26.850,27.440,27.290,661200.000,-0.002923,27.130,27.370,409353.000,1.000,1.000,27.400,,-0.002923,-0.012,-0.012,-0.007,-0.007,-0.012
25320,2001/07/06,,11,1,2032,13442910,CPB,CAMPBELL SOUP CO,,,,N,A,R,20384,0,1,2032,13442910,,,,,,,,,,,,,,,,,,,,,,,,,26.930,27.450,27.000,633100.000,-0.010627,26.910,27.150,409353.000,1.000,1.000,27.290,,-0.010627,-0.022,-0.022,-0.012,-0.012,-0.023
25320,2001/07/09,,11,1,2032,13442910,CPB,CAMPBELL SOUP CO,,,,N,A,R,20384,0,1,2032,13442910,,,,,,,,,,,,,,,,,,,,,,,,,26.870,27.460,27.290,371900.000,0.010741,27.130,27.380,409353.000,1.000,1.000,27.010,,0.010741,0.006,0.006,0.002,0.002,0.007
25320,2001/07/10,,11,1,2032,13442910,CPB,CAMPBELL SOUP CO,,,,N,A,R,20384,0,1,2032,13442910,,,,,,,,,,,,,,,,,,,,,,,,,26.930,27.350,27.120,339200.000,-0.006229,27.030,27.240,409353.000,1.000,1.000,27.250,,-0.006229,-0.014,-0.014,-0.009,-0.009,-0.014
25320,2001/07/11,,11,1,2032,13442910,CPB,CAMPBELL SOUP CO,,,,N,A,R,20384,0,1,2032,13442910,,,,,,,,,,,,,,,,,,,,,,,,,26.900,27.410,27.300,502000.000,0.006637,27.180,27.380,409353.000,1.000,1.000,26.900,,0.006637,-0.002,-0.002,-0.005,-0.006,-0.001
25320,2001/07/12,,11,1,2032,13442910,CPB,CAMPBELL SOUP CO,,,,N,A,R,20384,0,1,2032,13442910,,,,,,,,,,,,,,,,,,,,,,,,,26.800,27.620,27.500,772200.000,0.007326,27.420,27.600,409353.000,1.000,1.000,27.200,,0.007326,0.024,0.024,0.015,0.015,0.024
25320,2001/07/13,,11,1,2032,13442910,CPB,CAMPBELL SOUP CO,,,,N,A,R,20384,0,1,2032,13442910,,,,,,,,,,,,,,,,,,,,,,,,,27.310,27.620,27.530,400100.000,0.001091,27.420,27.620,409353.000,1.000,1.000,27.450,,0.001091,0.005,0.005,0.004,0.004,0.006
25320,2001/07/16,,11,1,2032,13442910,CPB,CAMPBELL SOUP CO,,,,N,A,R,20384,0,1,2032,13442910,,,,,,,,,,,,,,,,,,,,,,,,,27.440,27.800,27.580,409600.000,0.001816,27.490,27.670,409353.000,1.000,1.000,27.630,,0.001816,-0.012,-0.012,-0.007,-0.007,-0.011
25320,2001/07/17,,11,1,2032,13442910,CPB,CAMPBELL SOUP CO,,,,N,A,R,20384,0,1,2032,13442910,,,,,,,,,,,,,,,,,,,,,,,,,27.610,28.000,27.910,386800.000,0.011965,27.770,27.990,409353.000,1.000,1.000,27.810,,0.011965,0.011,0.011,0.005,0.005,0.010
25320,2001/07/18,,11,1,2032,13442910,CPB,CAMPBELL SOUP CO,,,,N,A,R,20384,0,1,2032,13442910,,,,,,,,,,,,,,,,,,,,,,,,,27.850,28.320,28.260,633900.000,0.012540,28.170,28.340,409353.000,1.000,1.000,27.870,,0.012540,-0.007,-0.007,-0.008,-0.008,-0.006
25320,2001/07/19,,11,1,2032,13442910,CPB,CAMPBELL SOUP CO,,,,N,A,R,20384,0,1,2032,13442910,,,,,,,,,,,,,,,,,,,,,,,,,28.250,28.650,28.600,897200.000,0.012031,28.510,28.680,409353.000,1.000,1.000,28.320,,0.012031,0.005,0.005,0.005,0.005,0.006
25320,2001/07/20,,11,1,2032,13442910,CPB,CAMPBELL SOUP CO,,,,N,A,R,20384,0,1,2032,13442910,,,,,,,,,,,,,,,,,,,,,,,,,28.250,28.730,28.500,522600.000,-0.003497,28.370,28.590,409353.000,1.000,1.000,28.600,,-0.003497,-0.003,-0.003,0.000,0.000,-0.003
25320,2001/07/23,,11,1,2032,13442910,CPB,CAMPBELL SOUP CO,,,,N,A,R,20384,0,1,2032,13442910,,,,,,,,,,,,,,,,,,,,,,,,,27.850,28.490,27.980,512300.000,-0.018246,27.800,28.020,409353.000,1.000,1.000,28.490,,-0.018246,-0.015,-0.015,-0.006,-0.006,-0.016
25320,2001/07/24,,11,1,2032,13442910,CPB,CAMPBELL SOUP CO,,,,N,A,R,20384,0,1,2032,13442910,,,,,,,,,,,,,,,,,,,,,,,,,27.520,27.980,27.710,305900.000,-0.009650,27.630,27.800,409353.000,1.000,1.000,27.850,,-0.009650,-0.016,-0.016,-0.011,-0.012,-0.016
25320,2001/07/25,,11,1,2032,13442910,CPB,CAMPBELL SOUP CO,,,,N,A,R,20384,0,1,2032,13442910,,,,,,,,,,,,,,,,,,,,,,,,,27.410,28.300,28.300,704200.000,0.021292,28.210,28.380,409353.000,1.000,1.000,27.530,,0.021292,0.014,0.014,0.003,0.003,0.016
25320,2001/07/26,,11,1,2032,13442910,CPB,CAMPBELL SOUP CO,,,,N,A,R,20384,0,1,2032,13442910,,,,,,,,,,,,,,,,,,,,,,,,,27.560,28.050,27.760,463400.000,-0.019081,27.760,27.880,409353.000,1.000,1.000,28.050,,-0.019081,0.012,0.011,0.008,0.008,0.010
25320,2001/07/27,,11,1,2032,13442910,CPB,CAMPBELL SOUP CO,,,,N,A,R,20384,0,1,2032,13442910,,,,,,,,,,,,,,,,,,,,,,,,,26.640,27.600,27.010,1497100.000,-0.027017,26.920,27.180,409353.000,1.000,1.000,27.250,,-0.027017,0.003,0.003,0.004,0.003,0.002
25320,2001/07/30,,11,1,2032,13442910,CPB,CAMPBELL SOUP CO,,,,N,A,R,20384,0,1,2032,13442910,,,,,,,,,,,,,,,,,,,,,,,,,26.820,27.130,26.970,632400.000,-0.001481,26.860,27.000,409353.000,1.000,1.000,27.020,,-0.001481,-0.001,-0.001,-0.001,-0.001,-0.001
25320,2001/07/31,,11,1,2032,13442910,CPB,CAMPBELL SOUP CO,,,,N,A,R,20384,0,1,2032,13442910,,,,,,,,0.000,,,,,,,,,,,,,,,,,26.890,27.520,27.360,806800.000,0.014461,27.190,27.410,409353.000,1.000,1.000,26.920,,0.014461,0.005,0.005,0.003,0.003,0.006
25320,2001/08/01,,11,1,2032,13442910,CPB,CAMPBELL SOUP CO,,,,N,A,R,20384,0,1,2032,13442910,,,,,,,,,,,,,,,,,,,,,,,,,26.600,27.300,26.770,667400.000,-0.021564,26.700,26.930,409353.000,1.000,1.000,27.300,,-0.021564,0.005,0.005,0.006,0.006,0.004
25320,2001/08/02,,11,1,2032,13442910,CPB,CAMPBELL SOUP CO,,,,N,A,R,20384,0,1,2032,13442910,,,,,,,,,,,,,,,,,,,,,,,,,26.680,27.030,26.920,420900.000,0.005603,26.820,27.030,409353.000,1.000,1.000,26.920,,0.005603,0.003,0.003,0.003,0.002,0.004
25320,2001/08/03,,11,1,2032,13442910,CPB,CAMPBELL SOUP CO,,,,N,A,R,20384,0,1,2032,13442910,,,,,,,,,,,,,,,,,,,,,,,,,26.360,26.990,26.540,451500.000,-0.014116,26.470,26.650,409353.000,1.000,1.000,26.950,,-0.014116,-0.005,-0.005,0.001,0.000,-0.005
25320,2001/08/06,,11,1,2032,13442910,CPB,CAMPBELL SOUP CO,,,,N,A,R,20384,0,1,2032,13442910,,,,,,,,,,,,,,,,,,,,,,,,,25.990,26.610,26.080,594100.000,-0.017332,26.000,26.200,409353.000,1.000,1.000,26.500,,-0.017332,-0.011,-0.011,-0.006,-0.006,-0.011
25320,2001/08/07,,11,1,2032,13442910,CPB,CAMPBELL SOUP CO,,,,N,A,R,20384,0,1,2032,13442910,,,,,,,,,,,,,,,,,,,,,,,,,25.970,26.450,26.020,890200.000,-0.002301,25.920,26.130,409353.000,1.000,1.000,26.120,,-0.002301,0.002,0.002,-0.000,-0.000,0.003
25320,2001/08/08,,11,1,2032,13442910,CPB,CAMPBELL SOUP CO,,,,N,A,R,20384,0,1,2032,13442910,,,,,,,,,,,,,,,,,,,,,,,,,25.850,26.100,25.900,839500.000,-0.004612,25.880,25.900,409353.000,1.000,1.000,25.910,,-0.004612,-0.017,-0.017,-0.010,-0.010,-0.017
25320,2001/08/09,,11,1,2032,13442910,CPB,CAMPBELL SOUP CO,,,,N,A,R,20384,0,1,2032,13442910,,,,,,,,,,,,,,,,,,,,,,,,,25.630,26.040,25.850,1384100.000,-0.001930,25.750,25.870,409353.000,1.000,1.000,25.890,,-0.001930,-0.000,-0.000,-0.001,-0.001,-0.000
25320,2001/08/10,,11,1,2032,13442910,CPB,CAMPBELL SOUP CO,,,,N,A,R,20384,0,1,2032,13442910,,,,,,,,,,,,,,,,,,,,,,,,,25.860,26.460,25.990,1046200.000,0.005416,25.960,26.100,409353.000,1.000,1.000,25.900,,0.005416,0.004,0.004,0.001,0.001,0.006
25320,2001/08/13,,11,1,2032,13442910,CPB,CAMPBELL SOUP CO,,,,N,A,R,20384,0,1,2032,13442910,,,,,,,,,,,,,,,,,,,,,,,,,25.880,26.360,26.060,500800.000,0.002693,25.960,26.140,409353.000,1.000,1.000,26.000,,0.002693,0.002,0.002,0.003,0.002,0.001
25320,2001/08/14,,11,1,2032,13442910,CPB,CAMPBELL SOUP CO,,,,N,A,R,20384,0,1,2032,13442910,,,,,,,,,,,,,,,,,,,,,,,,,25.800,26.150,25.980,267700.000,-0.003070,25.810,26.090,409353.000,1.000,1.000,26.000,,-0.003070,-0.002,-0.002,0.002,0.002,-0.004
25320,2001/08/15,,11,1,2032,13442910,CPB,CAMPBELL SOUP CO,,,,N,A,R,20384,0,1,2032,13442910,,,,,,,,,,,,,,,,,,,,,,,,,25.880,26.270,26.180,589300.000,0.007698,26.070,26.310,409353.000,1.000,1.000,26.000,,0.007698,-0.007,-0.007,-0.005,-0.005,-0.007
25320,2001/08/16,,11,1,2032,13442910,CPB,CAMPBELL SOUP CO,,,,N,A,R,20384,0,1,2032,13442910,,,,,,,,,,,,,,,,,,,,,,,,,25.520,26.320,26.210,494700.000,0.001146,26.080,26.320,409353.000,1.000,1.000,25.930,,0.001146,0.002,0.002,-0.002,-0.002,0.003
25320,2001/08/17,,11,1,2032,13442910,CPB,CAMPBELL SOUP CO,,,,N,A,R,20384,0,1,2032,13442910,,,,,,,,,,,,,,,,,,,,,,,,,25.810,26.350,26.000,927700.000,-0.008012,25.860,26.100,409353.000,1.000,1.000,25.880,,-0.008012,-0.016,-0.016,-0.007,-0.007,-0.017
25320,2001/08/20,,11,1,2032,13442910,CPB,CAMPBELL SOUP CO,,,,N,A,R,20384,0,1,2032,13442910,,,,,,,,,,,,,,,,,,,,,,,,,25.900,26.300,26.100,445500.000,0.003846,26.120,26.280,409353.000,1.000,1.000,26.000,,0.003846,0.007,0.007,-0.000,-0.000,0.008
25320,2001/08/21,,11,1,2032,13442910,CPB,CAMPBELL SOUP CO,,,,N,A,R,20384,0,1,2032,13442910,,,,,,,,,,,,,,,,,,,,,,,,,26.000,27.010,26.850,834300.000,0.028736,26.720,26.960,409353.000,1.000,1.000,26.000,,0.028736,-0.011,-0.011,-0.008,-0.008,-0.012
25320,2001/08/22,,11,1,2032,13442910,CPB,CAMPBELL SOUP CO,,,,N,A,R,20384,0,1,2032,13442910,,,,,,,,,,,,,,,,,,,,,,,,,26.500,27.580,27.440,911300.000,0.021974,27.340,27.500,409353.000,1.000,1.000,26.900,,0.021974,0.007,0.007,0.004,0.004,0.007
25320,2001/08/23,,11,1,2032,13442910,CPB,CAMPBELL SOUP CO,,,,N,A,R,20384,0,1,2032,13442910,,,,,,,,,,,,,,,,,,,,,,,,,27.210,27.800,27.700,806300.000,0.009475,27.600,27.800,409353.000,1.000,1.000,27.300,,0.009475,-0.003,-0.003,-0.004,-0.004,-0.003
25320,2001/08/24,,11,1,2032,13442910,CPB,CAMPBELL SOUP CO,,,,N,A,R,20384,0,1,2032,13442910,,,,,,,,2.000,,,,,,,,,,,,,,,,,27.500,28.350,28.100,1022500.000,0.014440,28.020,28.230,409353.000,1.000,1.000,27.650,,0.014440,0.018,0.018,0.011,0.011,0.020
25320,2001/08/27,,11,1,2032,13442910,CPB,CAMPBELL SOUP CO,,,,N,A,R,20384,0,1,2032,13442910,,,,,,,,,,,,,,,,,,,,,,,,,27.750,28.230,27.860,384900.000,-0.008541,27.750,27.960,409353.000,1.000,1.000,28.100,,-0.008541,-0.004,-0.004,-0.002,-0.002,-0.005
25320,2001/08/28,,11,1,2032,13442910,CPB,CAMPBELL SOUP CO,,,,N,A,R,20384,0,1,2032,13442910,,,,,,,,,,,,,,,,,,,,,,,,,27.540,28.120,27.720,349700.000,-0.005025,27.650,27.830,409353.000,1.000,1.000,27.950,,-0.005025,-0.014,-0.014,-0.007,-0.007,-0.015
25320,2001/08/29,,11,1,2032,13442910,CPB,CAMPBELL SOUP CO,,,,N,A,R,20384,0,1,2032,13442910,,,,,,,,,,,,,,,,,,,,,,,,,27.280,27.720,27.710,437000.000,-0.000361,27.600,27.820,409353.000,1.000,1.000,27.620,,-0.000361,-0.010,-0.010,-0.003,-0.003,-0.011
25320,2001/08/30,,11,1,2032,13442910,CPB,CAMPBELL SOUP CO,,,,N,A,R,20384,0,1,2032,13442910,,,,,,,,,,,,,,,,,,,,,,,,,27.600,28.230,28.020,540400.000,0.011187,27.910,28.120,409353.000,1.000,1.000,27.600,,0.011187,-0.016,-0.016,-0.009,-0.009,-0.017
25320,2001/08/31,,11,1,2032,13442910,CPB,CAMPBELL SOUP CO,,,,N,A,R,20384,0,1,2032,13442910,,,,,,,,0.000,,,,,,,,,,,,,,,,,27.750,28.500,28.190,958700.000,0.006067,28.090,28.310,409353.000,1.000,1.000,27.770,,0.006067,0.004,0.004,0.006,0.006,0.004
25320,2001/09/04,,11,1,2032,13442910,CPB,CAMPBELL SOUP CO,,,,N,A,R,20384,0,1,2032,13442910,,,,,,,,,,,,,,,,,,,,,,,,,28.050,28.740,28.490,782400.000,0.010642,28.290,28.540,409353.000,1.000,1.000,28.050,,0.010642,-0.002,-0.002,-0.006,-0.006,-0.001
25320,2001/09/05,,11,1,2032,13442910,CPB,CAMPBELL SOUP CO,,,,N,A,R,20384,0,1,2032,13442910,,,,,,,,,,,,,,,,,,,,,,,,,27.770,28.690,28.620,547200.000,0.004563,28.480,28.720,409353.000,1.000,1.000,28.260,,0.004563,-0.003,-0.003,-0.009,-0.009,-0.001
25320,2001/09/06,,11,1,2032,13442910,CPB,CAMPBELL SOUP CO,,,,N,A,R,20384,0,1,2032,13442910,,,,,,,,,,,,,,,,,,,,,,,,,27.250,28.690,28.400,763900.000,-0.007687,28.270,28.530,409353.000,1.000,1.000,27.250,,-0.007687,-0.021,-0.021,-0.014,-0.014,-0.022
25320,2001/09/07,,11,1,2032,13442910,CPB,CAMPBELL SOUP CO,,,,N,A,R,20384,0,1,2032,13442910,,,,,,,,,,,,,,,,,,,,,,,,,27.910,28.500,28.270,604500.000,-0.004577,28.160,28.430,409353.000,1.000,1.000,28.150,,-0.004577,-0.018,-0.018,-0.012,-0.012,-0.019
25320,2001/09/10,,11,1,2032,13442910,CPB,CAMPBELL SOUP CO,,,,N,A,R,20384,0,1,2032,13442910,,,,,,,,,,,,,,,,,,,,,,,,,28.020,28.740,28.260,530700.000,-0.000354,28.150,28.440,409353.000,1.000,1.000,28.020,,-0.000354,0.004,0.004,-0.007,-0.007,0.006
25320,2001/09/17,,11,1,2032,13442910,CPB,CAMPBELL SOUP CO,,,,N,A,R,20384,0,1,2032,13442910,,,,,,,,,,,,,,,,,,,,,,,,,27.720,29.000,28.350,979100.000,0.003185,28.110,28.370,409353.000,1.000,1.000,28.600,,0.003185,-0.051,-0.051,-0.042,-0.043,-0.049
25320,2001/09/18,,11,1,2032,13442910,CPB,CAMPBELL SOUP CO,,,,N,A,R,20384,0,1,2032,13442910,,,,,,,,,,,,,,,,,,,,,,,,,28.060,29.240,28.940,1099200.000,0.020811,28.840,29.220,409353.000,1.000,1.000,28.300,,0.020811,-0.008,-0.008,-0.010,-0.010,-0.006
25320,2001/09/19,,11,1,2032,13442910,CPB,CAMPBELL SOUP CO,,,,N,A,R,20384,0,1,2032,13442910,,,,,,,,,,,,,,,,,,,,,,,,,28.560,29.270,28.870,1112400.000,-0.002419,28.870,28.880,409353.000,1.000,1.000,28.790,,-0.002419,-0.017,-0.017,-0.024,-0.024,-0.016
25320,2001/09/20,,11,1,2032,13442910,CPB,CAMPBELL SOUP CO,,,,N,A,R,20384,0,1,2032,13442910,,,,,,,,,,,,,,,,,,,,,,,,,28.070,29.000,28.260,886600.000,-0.021129,28.150,28.350,409353.000,1.000,1.000,29.000,,-0.021129,-0.031,-0.031,-0.033,-0.033,-0.031
25320,2001/09/21,,11,1,2032,13442910,CPB,CAMPBELL SOUP CO,,,,N,A,R,20384,0,1,2032,13442910,,,,,,,,,,,,,,,,,,,,,,,,,26.800,27.650,26.800,1041600.000,-0.051663,26.770,27.000,409353.000,1.000,1.000,27.000,,-0.051663,-0.019,-0.019,-0.020,-0.020,-0.019
25320,2001/09/24,,11,1,2032,13442910,CPB,CAMPBELL SOUP CO,,,,N,A,R,20384,0,1,2032,13442910,,,,,,,,,,,,,,,,,,,,,,,,,26.910,27.460,27.170,887500.000,0.013806,27.060,27.270,409353.000,1.000,1.000,27.050,,0.013806,0.038,0.038,0.033,0.033,0.039
25320,2001/09/25,,11,1,2032,13442910,CPB,CAMPBELL SOUP CO,,,,N,A,R,20384,0,1,2032,13442910,,,,,,,,,,,,,,,,,,,,,,,,,26.810,27.270,26.980,680200.000,-0.006993,26.980,27.000,409353.000,1.000,1.000,27.150,,-0.006993,0.008,0.008,0.004,0.004,0.009
25320,2001/09/26,,11,1,2032,13442910,CPB,CAMPBELL SOUP CO,,,,N,A,R,20384,0,1,2032,13442910,,,,,,,,,,,,,,,,,,,,,,,,,26.750,27.200,27.100,654900.000,0.004448,27.080,27.100,409353.000,1.000,1.000,26.870,,0.004448,-0.006,-0.006,-0.010,-0.010,-0.005
25320,2001/09/27,,11,1,2032,13442910,CPB,CAMPBELL SOUP CO,,,,N,A,R,20384,0,1,2032,13442910,,,,,,,,,,,,,,,,,,,,,,,,,26.750,28.010,27.890,766100.000,0.029151,27.770,27.990,409353.000,1.000,1.000,27.000,,0.029151,0.011,0.011,-0.001,-0.001,0.011
25320,2001/09/28,,11,1,2032,13442910,CPB,CAMPBELL SOUP CO,,,,N,A,R,20384,0,1,2032,13442910,,,,,,,,0.000,,,,,,,,,,,,,,,,,27.710,28.270,28.000,641800.000,0.003944,27.910,28.080,409353.000,1.000,1.000,27.900,,0.003944,0.023,0.023,0.025,0.025,0.022
25320,2001/10/01,,11,1,2032,13442910,CPB,CAMPBELL SOUP CO,,,,N,A,R,20384,0,1,2032,13442910,,,,,,,,,,,,,,,,,,,,,,,,,27.470,28.080,28.000,514200.000,0.000000,27.850,27.840,409353.000,1.000,1.000,27.850,,0.000000,-0.004,-0.004,-0.010,-0.010,-0.002
25320,2001/10/02,,11,1,2032,13442910,CPB,CAMPBELL SOUP CO,,,,N,A,R,20384,0,1,2032,13442910,,,,,,,,,,,,,,,,,,,,,,,,,27.610,28.560,28.550,662100.000,0.019643,28.390,28.650,409353.000,1.000,1.000,27.900,,0.019643,0.012,0.012,0.007,0.007,0.012
25320,2001/10/03,,11,1,2032,13442910,CPB,CAMPBELL SOUP CO,,,,N,A,R,20384,0,1,2032,13442910,2001/09/28,,,,,2001/10/31,2001/10/05,0.000,,,1232.000,0.158,0.000,0.000,,,,,,,,,,,27.530,28.130,27.800,554600.000,-0.020753,27.600,27.900,409353.000,1.000,1.000,27.800,,-0.026270,0.022,0.022,0.021,0.021,0.020
25320,2001/10/04,,11,1,2032,13442910,CPB,CAMPBELL SOUP CO,,,,N,A,R,20384,0,1,2032,13442910,,,,,,,,,,,,,,,,,,,,,,,,,27.280,28.000,27.570,425700.000,-0.008273,27.470,27.720,409353.000,1.000,1.000,27.800,,-0.008273,-0.000,-0.000,0.011,0.011,-0.002
25320,2001/10/05,,11,1,2032,13442910,CPB,CAMPBELL SOUP CO,,,,N,A,R,20384,0,1,2032,13442910,,,,,,,,,,,,,,,,,,,,,,,,,27.300,28.000,27.800,443900.000,0.008342,27.600,27.840,409353.000,1.000,1.000,27.550,,0.008342,0.000,0.000,0.001,0.000,0.002
25320,2001/10/08,,11,1,2032,13442910,CPB,CAMPBELL SOUP CO,,,,N,A,R,20384,0,1,2032,13442910,,,,,,,,,,,,,,,,,,,,,,,,,27.250,27.800,27.390,231700.000,-0.014748,27.290,27.510,409353.000,1.000,1.000,27.800,,-0.014748,-0.008,-0.008,-0.002,-0.002,-0.008
25320,2001/10/09,,11,1,2032,13442910,CPB,CAMPBELL SOUP CO,,,,N,A,R,20384,0,1,2032,13442910,,,,,,,,,,,,,,,,,,,,,,,,,26.900,27.350,27.100,531900.000,-0.010588,27.010,27.210,409353.000,1.000,1.000,27.300,,-0.010588,-0.005,-0.005,-0.004,-0.004,-0.005
25320,2001/10/10,,11,1,2032,13442910,CPB,CAMPBELL SOUP CO,,,,N,A,R,20384,0,1,2032,13442910,,,,,,,,,,,,,,,,,,,,,,,,,26.760,27.800,27.600,730700.000,0.018450,27.480,27.700,409353.000,1.000,1.000,26.850,,0.018450,0.023,0.023,0.019,0.019,0.023
25320,2001/10/11,,11,1,2032,13442910,CPB,CAMPBELL SOUP CO,,,,N,A,R,20384,0,1,2032,13442910,,,,,,,,,,,,,,,,,,,,,,,,,27.220,28.000,27.710,705800.000,0.003985,27.560,27.810,409353.000,1.000,1.000,27.680,,0.003985,0.017,0.017,0.019,0.019,0.015
25320,2001/10/12,,11,1,2032,13442910,CPB,CAMPBELL SOUP CO,,,,N,A,R,20384,0,1,2032,13442910,,,,,,,,,,,,,,,,,,,,,,,,,26.910,27.790,27.500,584100.000,-0.007578,27.350,27.560,409353.000,1.000,1.000,27.250,,-0.007578,-0.005,-0.005,0.000,0.000,-0.005
25320,2001/10/15,,11,1,2032,13442910,CPB,CAMPBELL SOUP CO,,,,N,A,R,20384,0,1,2032,13442910,,,,,,,,,,,,,,,,,,,,,,,,,27.200,27.800,27.380,570400.000,-0.004364,27.270,27.490,409353.000,1.000,1.000,27.300,,-0.004364,-0.001,-0.001,0.003,0.003,-0.002
25320,2001/10/16,,11,1,2032,13442910,CPB,CAMPBELL SOUP CO,,,,N,A,R,20384,0,1,2032,13442910,,,,,,,,,,,,,,,,,,,,,,,,,27.060,27.670,27.470,456600.000,0.003287,27.360,27.570,409353.000,1.000,1.000,27.400,,0.003287,0.008,0.008,0.011,0.011,0.007
25320,2001/10/17,,11,1,2032,13442910,CPB,CAMPBELL SOUP CO,,,,N,A,R,20384,0,1,2032,13442910,,,,,,,,,,,,,,,,,,,,,,,,,26.980,27.600,27.600,438500.000,0.004732,27.400,27.570,409353.000,1.000,1.000,27.420,,0.004732,-0.019,-0.019,-0.006,-0.006,-0.019
25320,2001/10/18,,11,1,2032,13442910,CPB,CAMPBELL SOUP CO,,,,N,A,R,20384,0,1,2032,13442910,,,,,,,,,,,,,,,,,,,,,,,,,27.280,27.850,27.500,392800.000,-0.003623,27.400,27.650,409353.000,1.000,1.000,27.300,,-0.003623,-0.007,-0.007,-0.005,-0.005,-0.008
25320,2001/10/19,,11,1,2032,13442910,CPB,CAMPBELL SOUP CO,,,,N,A,R,20384,0,1,2032,13442910,,,,,,,,,,,,,,,,,,,,,,,,,27.260,28.010,28.000,538100.000,0.018182,27.880,28.100,409353.000,1.000,1.000,27.330,,0.018182,0.005,0.005,0.005,0.005,0.005
25320,2001/10/22,,11,1,2032,13442910,CPB,CAMPBELL SOUP CO,,,,N,A,R,20384,0,1,2032,13442910,,,,,,,,,,,,,,,,,,,,,,,,,27.870,28.250,28.100,519800.000,0.003571,27.990,28.210,409353.000,1.000,1.000,27.950,,0.003571,0.015,0.015,0.008,0.008,0.015
25320,2001/10/23,,11,1,2032,13442910,CPB,CAMPBELL SOUP CO,,,,N,A,R,20384,0,1,2032,13442910,,,,,,,,,,,,,,,,,,,,,,,,,27.740,28.290,27.820,357400.000,-0.009964,27.780,28.000,409353.000,1.000,1.000,28.200,,-0.009964,-0.004,-0.004,0.000,0.000,-0.005
25320,2001/10/24,,11,1,2032,13442910,CPB,CAMPBELL SOUP CO,,,,N,A,R,20384,0,1,2032,13442910,,,,,,,,,,,,,,,,,,,,,,,,,27.500,28.100,27.650,517600.000,-0.006111,27.550,27.760,409353.000,1.000,1.000,27.600,,-0.006111,0.001,0.001,0.004,0.004,0.000
25320,2001/10/25,,11,1,2032,13442910,CPB,CAMPBELL SOUP CO,,,,N,A,R,20384,0,1,2032,13442910,,,,,,,,,,,,,,,,,,,,,,,,,27.270,28.000,27.960,307200.000,0.011212,27.850,28.000,409353.000,1.000,1.000,27.660,,0.011212,0.014,0.014,0.011,0.011,0.014
25320,2001/10/26,,11,1,2032,13442910,CPB,CAMPBELL SOUP CO,,,,N,A,R,20384,0,1,2032,13442910,,,,,,,,,,,,,,,,,,,,,,,,,27.590,28.500,28.350,399300.000,0.013949,28.250,28.460,409353.000,1.000,1.000,27.860,,0.013949,0.004,0.004,0.007,0.007,0.004
25320,2001/10/29,,11,1,2032,13442910,CPB,CAMPBELL SOUP CO,,,,N,A,R,20384,0,1,2032,13442910,,,,,,,,,,,,,,,,,,,,,,,,,27.810,28.230,28.010,354300.000,-0.011993,27.920,28.130,409353.000,1.000,1.000,28.150,,-0.011993,-0.023,-0.023,-0.009,-0.009,-0.024
25320,2001/10/30,,11,1,2032,13442910,CPB,CAMPBELL SOUP CO,,,,N,A,R,20384,0,1,2032,13442910,,,,,,,,,,,,,,,,,,,,,,,,,28.290,28.880,28.610,973900.000,0.021421,28.600,28.620,409353.000,1.000,1.000,28.650,,0.021421,-0.017,-0.017,-0.011,-0.012,-0.017
25320,2001/10/31,,11,1,2032,13442910,CPB,CAMPBELL SOUP CO,,,,N,A,R,20384,0,1,2032,13442910,,,,,,,,0.000,,,,,,,,,,,,,,,,,28.100,28.570,28.240,597000.000,-0.012933,28.140,28.350,409522.000,1.000,1.000,28.370,,-0.012933,0.002,0.002,0.011,0.011,-0.000
25320,2001/11/01,,11,1,2032,13442910,CPB,CAMPBELL SOUP CO,,,,N,A,R,20384,0,1,2032,13442910,,,,,,,,,,,,,,,,,,,,,,,,,28.110,29.090,29.040,592400.000,0.028329,28.930,29.140,409522.000,1.000,1.000,28.140,,0.028329,0.021,0.021,0.009,0.009,0.023
25320,2001/11/02,,11,1,2032,13442910,CPB,CAMPBELL SOUP CO,,,,N,A,R,20384,0,1,2032,13442910,,,,,,,,,,,,,,,,,,,,,,,,,29.000,30.050,29.800,1048600.000,0.026171,29.670,29.880,409522.000,1.000,1.000,29.030,,0.026171,0.002,0.002,-0.001,-0.001,0.003
25320,2001/11/05,,11,1,2032,13442910,CPB,CAMPBELL SOUP CO,,,,N,A,R,20384,0,1,2032,13442910,,,,,,,,,,,,,,,,,,,,,,,,,30.100,30.780,30.780,1267200.000,0.032886,30.540,30.750,409522.000,1.000,1.000,30.250,,0.032886,0.014,0.014,0.008,0.008,0.014
25320,2001/11/06,,11,1,2032,13442910,CPB,CAMPBELL SOUP CO,,,,N,A,R,20384,0,1,2032,13442910,,,,,,,,,,,,,,,,,,,,,,,,,30.500,31.250,31.250,1003500.000,0.015270,31.180,31.350,409522.000,1.000,1.000,30.600,,0.015270,0.014,0.014,0.007,0.007,0.015
25320,2001/11/07,,11,1,2032,13442910,CPB,CAMPBELL SOUP CO,,,,N,A,R,20384,0,1,2032,13442910,,,,,,,,,,,,,,,,,,,,,,,,,30.790,31.440,31.000,1072900.000,-0.008000,30.900,31.110,409522.000,1.000,1.000,30.950,,-0.008000,-0.002,-0.002,0.001,0.001,-0.003
25320,2001/11/08,,11,1,2032,13442910,CPB,CAMPBELL SOUP CO,,,,N,A,R,20384,0,1,2032,13442910,,,,,,,,,,,,,,,,,,,,,,,,,30.390,31.190,30.660,646800.000,-0.010968,30.560,30.780,409522.000,1.000,1.000,31.000,,-0.010968,0.001,0.001,0.003,0.003,0.002
25320,2001/11/09,,11,1,2032,13442910,CPB,CAMPBELL SOUP CO,,,,N,A,R,20384,0,1,2032,13442910,,,,,,,,,,,,,,,,,,,,,,,,,30.050,30.650,30.650,631400.000,-0.000326,30.520,30.770,409522.000,1.000,1.000,30.380,,-0.000326,0.001,0.001,0.003,0.003,0.002
25320,2001/11/12,,11,1,2032,13442910,CPB,CAMPBELL SOUP CO,,,,N,A,R,20384,0,1,2032,13442910,,,,,,,,,,,,,,,,,,,,,,,,,30.000,30.500,30.290,619700.000,-0.011745,30.190,30.400,409522.000,1.000,1.000,30.500,,-0.011745,-0.001,-0.001,0.001,0.001,-0.002
25320,2001/11/13,,11,1,2032,13442910,CPB,CAMPBELL SOUP CO,,,,N,A,R,20384,0,1,2032,13442910,,,,,,,,,,,,,,,,,,,,,,,,,29.780,30.429,30.140,1000000.000,-0.004952,30.030,30.170,409522.000,1.000,1.000,30.270,,-0.004952,0.019,0.018,0.014,0.014,0.019
25320,2001/11/14,,11,1,2032,13442910,CPB,CAMPBELL SOUP CO,,,,N,A,R,20384,0,1,2032,13442910,,,,,,,,,,,,,,,,,,,,,,,,,29.800,30.690,30.360,588600.000,0.007299,30.160,30.470,409522.000,1.000,1.000,30.550,,0.007299,0.003,0.003,0.008,0.007,0.002
25320,2001/11/15,,11,1,2032,13442910,CPB,CAMPBELL SOUP CO,,,,N,A,R,20384,0,1,2032,13442910,,,,,,,,,,,,,,,,,,,,,,,,,29.930,30.590,30.150,689000.000,-0.006917,30.100,30.310,409522.000,1.000,1.000,30.080,,-0.006917,0.000,0.000,0.000,0.000,0.001
25320,2001/11/16,,11,1,2032,13442910,CPB,CAMPBELL SOUP CO,,,,N,A,R,20384,0,1,2032,13442910,,,,,,,,,,,,,,,,,,,,,,,,,29.960,30.500,30.100,598300.000,-0.001658,29.990,30.200,409522.000,1.000,1.000,30.100,,-0.001658,-0.002,-0.002,0.006,0.006,-0.003
25320,2001/11/19,,11,1,2032,13442910,CPB,CAMPBELL SOUP CO,,,,N,A,R,20384,0,1,2032,13442910,,,,,,,,,,,,,,,,,,,,,,,,,29.790,30.290,29.980,782700.000,-0.003987,29.870,30.080,409522.000,1.000,1.000,30.000,,-0.003987,0.012,0.012,0.012,0.012,0.011
25320,2001/11/20,,11,1,2032,13442910,CPB,CAMPBELL SOUP CO,,,,N,A,R,20384,0,1,2032,13442910,,,,,,,,,,,,,,,,,,,,,,,,,29.690,30.030,29.770,656900.000,-0.007005,29.670,29.890,409522.000,1.000,1.000,29.750,,-0.007005,-0.008,-0.008,-0.005,-0.005,-0.007
25320,2001/11/21,,11,1,2032,13442910,CPB,CAMPBELL SOUP CO,,,,N,A,R,20384,0,1,2032,13442910,,,,,,,,,,,,,,,,,,,,,,,,,29.600,30.000,29.670,326500.000,-0.003359,29.560,29.780,409522.000,1.000,1.000,29.700,,-0.003359,-0.004,-0.005,0.000,0.000,-0.005
25320,2001/11/23,,11,1,2032,13442910,CPB,CAMPBELL SOUP CO,,,,N,A,R,20384,0,1,2032,13442910,,,,,,,,,,,,,,,,,,,,,,,,,29.510,29.860,29.860,198700.000,0.006404,29.680,30.000,409522.000,1.000,1.000,29.600,,0.006404,0.012,0.012,0.010,0.010,0.012
25320,2001/11/26,,11,1,2032,13442910,CPB,CAMPBELL SOUP CO,,,,N,A,R,20384,0,1,2032,13442910,,,,,,,,,,,,,,,,,,,,,,,,,29.390,30.010,29.620,511500.000,-0.008038,29.580,29.790,409522.000,1.000,1.000,29.760,,-0.008038,0.007,0.007,0.006,0.006,0.006
25320,2001/11/27,,11,1,2032,13442910,CPB,CAMPBELL SOUP CO,,,,N,A,R,20384,0,1,2032,13442910,,,,,,,,,,,,,,,,,,,,,,,,,29.010,29.560,29.080,510000.000,-0.018231,29.000,29.200,409522.000,1.000,1.000,29.370,,-0.018231,-0.005,-0.005,0.002,0.002,-0.007
25320,2001/11/28,,11,1,2032,13442910,CPB,CAMPBELL SOUP CO,,,,N,A,R,20384,0,1,2032,13442910,,,,,,,,,,,,,,,,,,,,,,,,,29.000,29.500,29.300,458400.000,0.007565,29.220,29.430,409522.000,1.000,1.000,29.230,,0.007565,-0.017,-0.018,-0.010,-0.010,-0.018
25320,2001/11/29,,11,1,2032,13442910,CPB,CAMPBELL SOUP CO,,,,N,A,R,20384,0,1,2032,13442910,,,,,,,,,,,,,,,,,,,,,,,,,29.000,29.450,29.400,566100.000,0.003413,29.310,29.320,409522.000,1.000,1.000,29.100,,0.003413,0.011,0.011,0.009,0.009,0.010
25320,2001/11/30,,11,1,2032,13442910,CPB,CAMPBELL SOUP CO,,,,N,A,R,20384,0,1,2032,13442910,,,,,,,,0.000,,,,,,,,,,,,,,,,,28.870,29.490,29.310,1025100.000,-0.003061,29.120,29.290,409522.000,1.000,1.000,29.490,,-0.003061,-0.001,-0.001,0.001,0.001,-0.001
25320,2001/12/03,,11,1,2032,13442910,CPB,CAMPBELL SOUP CO,,,,N,A,R,20384,0,1,2032,13442910,,,,,,,,,,,,,,,,,,,,,,,,,29.100,29.500,29.460,444700.000,0.005118,29.310,29.590,409522.000,1.000,1.000,29.200,,0.005118,-0.008,-0.008,-0.007,-0.007,-0.008
25320,2001/12/04,,11,1,2032,13442910,CPB,CAMPBELL SOUP CO,,,,N,A,R,20384,0,1,2032,13442910,,,,,,,,,,,,,,,,,,,,,,,,,29.330,29.730,29.680,358300.000,0.007468,29.550,29.760,409522.000,1.000,1.000,29.460,,0.007468,0.015,0.015,0.012,0.012,0.013
25320,2001/12/05,,11,1,2032,13442910,CPB,CAMPBELL SOUP CO,,,,N,A,R,20384,0,1,2032,13442910,,,,,,,,,,,,,,,,,,,,,,,,,29.380,29.910,29.900,552100.000,0.007412,29.700,29.910,409522.000,1.000,1.000,29.680,,0.007412,0.023,0.023,0.017,0.017,0.022
25320,2001/12/06,,11,1,2032,13442910,CPB,CAMPBELL SOUP CO,,,,N,A,R,20384,0,1,2032,13442910,,,,,,,,,,,,,,,,,,,,,,,,,29.390,29.900,29.520,568200.000,-0.012709,29.420,29.630,409522.000,1.000,1.000,29.900,,-0.012709,-0.001,-0.001,0.006,0.006,-0.003
25320,2001/12/07,,11,1,2032,13442910,CPB,CAMPBELL SOUP CO,,,,N,A,R,20384,0,1,2032,13442910,,,,,,,,,,,,,,,,,,,,,,,,,29.260,29.850,29.600,471800.000,0.002710,29.490,29.800,409522.000,1.000,1.000,29.450,,0.002710,-0.007,-0.007,0.002,0.002,-0.008
25320,2001/12/10,,11,1,2032,13442910,CPB,CAMPBELL SOUP CO,,,,N,A,R,20384,0,1,2032,13442910,,,,,,,,,,,,,,,,,,,,,,,,,29.240,29.830,29.320,376800.000,-0.009459,29.220,29.390,409522.000,1.000,1.000,29.760,,-0.009459,-0.015,-0.015,-0.007,-0.007,-0.016
25320,2001/12/11,,11,1,2032,13442910,CPB,CAMPBELL SOUP CO,,,,N,A,R,20384,0,1,2032,13442910,,,,,,,,,,,,,,,,,,,,,,,,,28.900,29.520,29.250,575900.000,-0.002387,29.110,29.370,409522.000,1.000,1.000,29.100,,-0.002387,-0.002,-0.002,0.003,0.003,-0.003
25320,2001/12/12,,11,1,2032,13442910,CPB,CAMPBELL SOUP CO,,,,N,A,R,20384,0,1,2032,13442910,,,,,,,,,,,,,,,,,,,,,,,,,29.180,29.630,29.580,460600.000,0.011282,29.360,29.580,409522.000,1.000,1.000,29.340,,0.011282,0.001,0.000,0.002,0.002,0.000
25320,2001/12/13,,11,1,2032,13442910,CPB,CAMPBELL SOUP CO,,,,N,A,R,20384,0,1,2032,13442910,,,,,,,,,,,,,,,,,,,,,,,,,29.100,30.050,29.610,668800.000,0.001014,29.410,29.890,409522.000,1.000,1.000,29.450,,0.001014,-0.015,-0.015,-0.008,-0.008,-0.016
25320,2001/12/14,,11,1,2032,13442910,CPB,CAMPBELL SOUP CO,,,,N,A,R,20384,0,1,2032,13442910,,,,,,,,,,,,,,,,,,,,,,,,,29.340,29.900,29.900,588100.000,0.009794,29.530,30.040,409522.000,1.000,1.000,29.360,,0.009794,0.003,0.003,0.002,0.002,0.003
25320,2001/12/17,,11,1,2032,13442910,CPB,CAMPBELL SOUP CO,,,,N,A,R,20384,0,1,2032,13442910,,,,,,,,,,,,,,,,,,,,,,,,,29.650,30.210,29.950,464300.000,0.001672,29.660,30.180,409522.000,1.000,1.000,29.900,,0.001672,0.010,0.010,0.005,0.005,0.010
25320,2001/12/18,,11,1,2032,13442910,CPB,CAMPBELL SOUP CO,,,,N,A,R,20384,0,1,2032,13442910,,,,,,,,,,,,,,,,,,,,,,,,,29.660,30.250,29.900,584600.000,-0.001669,29.730,30.140,409522.000,1.000,1.000,29.950,,-0.001669,0.008,0.008,0.007,0.007,0.008
25320,2001/12/19,,11,1,2032,13442910,CPB,CAMPBELL SOUP CO,,,,N,A,R,20384,0,1,2032,13442910,,,,,,,,,,,,,,,,,,,,,,,,,29.640,30.380,30.380,612200.000,0.016053,30.060,30.550,409522.000,1.000,1.000,29.800,,0.016053,0.004,0.004,-0.003,-0.003,0.006
25320,2001/12/20,,11,1,2032,13442910,CPB,CAMPBELL SOUP CO,,,,N,A,R,20384,0,1,2032,13442910,,,,,,,,,,,,,,,,,,,,,,,,,29.950,30.480,30.420,604900.000,0.001317,30.190,30.630,409522.000,1.000,1.000,30.130,,0.001317,-0.009,-0.009,-0.009,-0.009,-0.008
25320,2001/12/21,,11,1,2032,13442910,CPB,CAMPBELL SOUP CO,,,,N,A,R,20384,0,1,2032,13442910,,,,,,,,,,,,,,,,,,,,,,,,,30.000,30.540,30.540,1234200.000,0.003945,30.140,30.640,409522.000,1.000,1.000,30.430,,0.003945,0.006,0.006,0.010,0.010,0.004
25320,2001/12/24,,11,1,2032,13442910,CPB,CAMPBELL SOUP CO,,,,N,A,R,20384,0,1,2032,13442910,,,,,,,,,,,,,,,,,,,,,,,,,30.000,30.470,30.390,314900.000,-0.004912,30.390,30.400,409522.000,1.000,1.000,30.300,,-0.004912,0.000,0.000,0.004,0.004,-0.000
25320,2001/12/26,,11,1,2032,13442910,CPB,CAMPBELL SOUP CO,,,,N,A,R,20384,0,1,2032,13442910,,,,,,,,,,,,,,,,,,,,,,,,,30.030,30.730,30.390,548300.000,0.000000,30.190,30.500,409522.000,1.000,1.000,30.330,,0.000000,0.005,0.005,0.007,0.007,0.004
25320,2001/12/27,,11,1,2032,13442910,CPB,CAMPBELL SOUP CO,,,,N,A,R,20384,0,1,2032,13442910,,,,,,,,,,,,,,,,,,,,,,,,,29.750,30.630,30.580,657000.000,0.006252,30.580,30.590,409522.000,1.000,1.000,30.400,,0.006252,0.007,0.007,0.008,0.008,0.007
25320,2001/12/28,,11,1,2032,13442910,CPB,CAMPBELL SOUP CO,,,,N,A,R,20384,0,1,2032,13442910,,,,,,,,,,,,,,,,,,,,,,,,,29.850,30.590,30.230,576600.000,-0.011445,29.970,30.500,409522.000,1.000,1.000,30.590,,-0.011445,0.004,0.004,0.009,0.009,0.003
25320,2001/12/31,,11,1,2032,13442910,CPB,CAMPBELL SOUP CO,,,,N,A,R,20384,0,1,2032,13442910,,,,,,,,0.000,,,,,,,,,,,,,,,,,29.600,30.100,29.870,706700.000,-0.011909,29.610,30.010,409665.000,1.000,1.000,29.980,,-0.011909,-0.010,-0.010,0.007,0.007,-0.011
25320,2002/01/02,2004/06/09,11,1,2032,13442910,CPB,CAMPBELL SOUP CO,,CPB,,N,A,R,20384,0,1,2032,13442910,2001/11/15,,,,,2002/01/31,2002/01/04,2.000,20.000,203.000,1232.000,0.158,0.000,0.000,,,,,,,,,,,29.050,29.850,29.850,560500.000,0.004603,29.450,29.910,409665.000,1.000,1.000,29.620,,-0.000670,0.004,0.004,0.008,0.008,0.006
25320,2002/01/03,,11,1,2032,13442910,CPB,CAMPBELL SOUP CO,,CPB,,N,A,R,20384,0,1,2032,13442910,,,,,,,,,20.000,203.000,,,,,,,,,,,,,,,29.070,29.520,29.200,655600.000,-0.021776,29.060,29.280,409665.000,1.000,1.000,29.510,,-0.021776,0.010,0.010,0.013,0.013,0.009
25320,2002/01/04,,11,1,2032,13442910,CPB,CAMPBELL SOUP CO,,CPB,,N,A,R,20384,0,1,2032,13442910,,,,,,,,,20.000,203.000,,,,,,,,,,,,,,,28.600,29.200,28.940,532700.000,-0.008904,28.890,29.050,409665.000,1.000,1.000,29.200,,-0.008904,0.007,0.007,0.011,0.011,0.006
25320,2002/01/07,,11,1,2032,13442910,CPB,CAMPBELL SOUP CO,,CPB,,N,A,R,20384,0,1,2032,13442910,,,,,,,,,20.000,203.000,,,,,,,,,,,,,,,28.260,28.910,28.620,640600.000,-0.011057,28.340,28.870,409665.000,1.000,1.000,28.900,,-0.011057,-0.007,-0.007,-0.000,-0.000,-0.006
25320,2002/01/08,,11,1,2032,13442910,CPB,CAMPBELL SOUP CO,,CPB,,N,A,R,20384,0,1,2032,13442910,,,,,,,,,20.000,203.000,,,,,,,,,,,,,,,28.420,29.250,29.120,637400.000,0.017470,28.860,29.370,409665.000,1.000,1.000,28.500,,0.017470,-0.002,-0.003,0.005,0.005,-0.004
25320,2002/01/09,,11,1,2032,13442910,CPB,CAMPBELL SOUP CO,,CPB,,N,A,R,20384,0,1,2032,13442910,,,,,,,,,20.000,203.000,,,,,,,,,,,,,,,28.750,29.420,28.950,525700.000,-0.005838,28.630,29.200,409665.000,1.000,1.000,29.120,,-0.005838,-0.004,-0.004,0.001,0.001,-0.005
25320,2002/01/10,,11,1,2032,13442910,CPB,CAMPBELL SOUP CO,,CPB,,N,A,R,20384,0,1,2032,13442910,,,,,,,,,20.000,203.000,,,,,,,,,,,,,,,28.600,29.010,28.730,638700.000,-0.007599,28.570,28.820,409665.000,1.000,1.000,28.800,,-0.007599,0.001,0.001,0.000,0.000,0.001
25320,2002/01/11,,11,1,2032,13442910,CPB,CAMPBELL SOUP CO,,CPB,,N,A,R,20384,0,1,2032,13442910,,,,,,,,,20.000,203.000,,,,,,,,,,,,,,,28.550,28.980,28.630,374800.000,-0.003481,28.410,28.920,409665.000,1.000,1.000,28.980,,-0.003481,-0.009,-0.009,-0.004,-0.004,-0.009
25320,2002/01/14,,11,1,2032,13442910,CPB,CAMPBELL SOUP CO,,CPB,,N,A,R,20384,0,1,2032,13442910,,,,,,,,,20.000,203.000,,,,,,,,,,,,,,,28.360,29.160,28.820,805900.000,0.006636,28.580,29.030,409665.000,1.000,1.000,28.370,,0.006636,-0.008,-0.008,-0.010,-0.010,-0.006
25320,2002/01/15,,11,1,2032,13442910,CPB,CAMPBELL SOUP CO,,CPB,,N,A,R,20384,0,1,2032,13442910,,,,,,,,,20.000,203.000,,,,,,,,,,,,,,,28.970,29.580,29.440,902500.000,0.021513,29.180,29.670,409665.000,1.000,1.000,29.000,,0.021513,0.006,0.006,0.001,0.001,0.007
25320,2002/01/16,,11,1,2032,13442910,CPB,CAMPBELL SOUP CO,,CPB,,N,A,R,20384,0,1,2032,13442910,,,,,,,,,20.000,203.000,,,,,,,,,,,,,,,28.350,30.000,28.350,524000.000,-0.037024,28.900,29.410,409665.000,1.000,1.000,29.440,,-0.037024,-0.016,-0.016,-0.011,-0.011,-0.016
25320,2002/01/17,,11,1,2032,13442910,CPB,CAMPBELL SOUP CO,,CPB,,N,A,R,20384,0,1,2032,13442910,,,,,,,,,20.000,203.000,,,,,,,,,,,,,,,28.850,29.230,29.050,800700.000,0.024691,28.790,29.260,409665.000,1.000,1.000,29.100,,0.024691,0.010,0.010,0.007,0.007,0.010
25320,2002/01/18,,11,1,2032,13442910,CPB,CAMPBELL SOUP CO,,CPB,,N,A,R,20384,0,1,2032,13442910,,,,,,,,,20.000,203.000,,,,,,,,,,,,,,,28.640,29.250,29.070,848200.000,0.000688,28.810,29.310,409665.000,1.000,1.000,28.800,,0.000688,-0.010,-0.010,-0.006,-0.006,-0.010
25320,2002/01/22,,11,1,2032,13442910,CPB,CAMPBELL SOUP CO,,CPB,,N,A,R,20384,0,1,2032,13442910,,,,,,,,,20.000,203.000,,,,,,,,,,,,,,,28.700,29.500,29.390,548100.000,0.011008,29.380,29.430,409665.000,1.000,1.000,28.900,,0.011008,-0.008,-0.008,-0.008,-0.008,-0.007
25320,2002/01/23,,11,1,2032,13442910,CPB,CAMPBELL SOUP CO,,CPB,,N,A,R,20384,0,1,2032,13442910,,,,,,,,,20.000,203.000,,,,,,,,,,,,,,,28.890,29.370,29.260,854500.000,-0.004423,29.140,29.350,409665.000,1.000,1.000,29.250,,-0.004423,0.009,0.009,0.008,0.008,0.008
25320,2002/01/24,,11,1,2032,13442910,CPB,CAMPBELL SOUP CO,,CPB,,N,A,R,20384,0,1,2032,13442910,,,,,,,,,20.000,203.000,,,,,,,,,,,,,,,28.510,29.260,29.020,659200.000,-0.008202,29.010,29.020,409665.000,1.000,1.000,29.200,,-0.008202,0.004,0.004,0.006,0.006,0.004
25320,2002/01/25,,11,1,2032,13442910,CPB,CAMPBELL SOUP CO,,CPB,,N,A,R,20384,0,1,2032,13442910,,,,,,,,,20.000,203.000,,,,,,,,,,,,,,,28.370,28.920,28.640,709700.000,-0.013094,28.390,28.800,409665.000,1.000,1.000,28.920,,-0.013094,0.001,0.001,0.000,0.000,0.001
25320,2002/01/28,,11,1,2032,13442910,CPB,CAMPBELL SOUP CO,,CPB,,N,A,R,20384,0,1,2032,13442910,,,,,,,,,20.000,203.000,,,,,,,,,,,,,,,28.410,28.850,28.790,522600.000,0.005237,28.530,29.030,409665.000,1.000,1.000,28.650,,0.005237,0.000,0.000,0.000,0.000,-0.000
25320,2002/01/29,,11,1,2032,13442910,CPB,CAMPBELL SOUP CO,,CPB,,N,A,R,20384,0,1,2032,13442910,,,,,,,,,20.000,203.000,,,,,,,,,,,,,,,27.900,28.550,28.180,1294500.000,-0.021188,27.970,28.500,409665.000,1.000,1.000,28.250,,-0.021188,-0.025,-0.025,-0.011,-0.012,-0.029
25320,2002/01/30,,11,1,2032,13442910,CPB,CAMPBELL SOUP CO,,CPB,,N,A,R,20384,0,1,2032,13442910,,,,,,,,,20.000,203.000,,,,,,,,,,,,,,,27.920,28.480,28.380,973500.000,0.007097,28.030,28.290,409665.000,1.000,1.000,27.960,,0.007097,0.010,0.010,0.004,0.004,0.012
25320,2002/01/31,,11,1,2032,13442910,CPB,CAMPBELL SOUP CO,,CPB,,N,A,R,20384,0,1,2032,13442910,,,,,,,,0.000,20.000,203.000,,,,,,,,,,,,,,,28.040,28.450,28.450,771000.000,0.002467,28.010,28.500,409665.000,1.000,1.000,28.300,,0.002467,0.013,0.013,0.010,0.009,0.015
25320,2002/02/01,,11,1,2032,13442910,CPB,CAMPBELL SOUP CO,,CPB,,N,A,R,20384,0,1,2032,13442910,,,,,,,,,20.000,203.000,,,,,,,,,,,,,,,27.770,28.410,28.000,917100.000,-0.015817,27.750,28.220,409665.000,1.000,1.000,28.200,,-0.015817,-0.006,-0.006,-0.002,-0.002,-0.007
25320,2002/02/04,,11,1,2032,13442910,CPB,CAMPBELL SOUP CO,,CPB,,N,A,R,20384,0,1,2032,13442910,,,,,,,,,20.000,203.000,,,,,,,,,,,,,,,27.760,28.250,28.000,641100.000,0.000000,27.600,27.930,409665.000,1.000,1.000,28.010,,0.000000,-0.024,-0.024,-0.016,-0.016,-0.025
25320,2002/02/05,,11,1,2032,13442910,CPB,CAMPBELL SOUP CO,,CPB,,N,A,R,20384,0,1,2032,13442910,,,,,,,,,20.000,203.000,,,,,,,,,,,,,,,27.300,28.130,27.550,944200.000,-0.016071,27.230,27.800,409665.000,1.000,1.000,28.000,,-0.016071,-0.005,-0.005,-0.008,-0.008,-0.004
25320,2002/02/06,,11,1,2032,13442910,CPB,CAMPBELL SOUP CO,,CPB,,N,A,R,20384,0,1,2032,13442910,,,,,,,,,20.000,203.000,,,,,,,,,,,,,,,26.630,27.200,26.970,1192600.000,-0.021053,26.710,27.190,409665.000,1.000,1.000,27.200,,-0.021053,-0.007,-0.007,-0.010,-0.010,-0.006
25320,2002/02/07,,11,1,2032,13442910,CPB,CAMPBELL SOUP CO,,CPB,,N,A,R,20384,0,1,2032,13442910,,,,,,,,,20.000,203.000,,,,,,,,,,,,,,,26.840,27.560,27.200,546000.000,0.008528,26.860,27.360,409665.000,1.000,1.000,27.220,,0.008528,-0.004,-0.004,-0.006,-0.006,-0.003
25320,2002/02/08,,11,1,2032,13442910,CPB,CAMPBELL SOUP CO,,CPB,,N,A,R,20384,0,1,2032,13442910,,,,,,,,,20.000,203.000,,,,,,,,,,,,,,,26.740,27.280,27.190,472300.000,-0.000368,26.940,27.400,409665.000,1.000,1.000,27.190,,-0.000368,0.016,0.016,0.012,0.012,0.015
25320,2002/02/11,,11,1,2032,13442910,CPB,CAMPBELL SOUP CO,,CPB,,N,A,R,20384,0,1,2032,13442910,,,,,,,,,20.000,203.000,,,,,,,,,,,,,,,27.020,27.460,27.340,382200.000,0.005517,27.100,27.620,409665.000,1.000,1.000,27.240,,0.005517,0.013,0.013,0.008,0.008,0.014
25320,2002/02/12,,11,1,2032,13442910,CPB,CAMPBELL SOUP CO,,CPB,,N,A,R,20384,0,1,2032,13442910,,,,,,,,,20.000,203.000,,,,,,,,,,,,,,,27.100,27.440,27.390,356500.000,0.001829,27.130,27.650,409665.000,1.000,1.000,27.300,,0.001829,-0.003,-0.003,-0.000,-0.000,-0.004
25320,2002/02/13,,11,1,2032,13442910,CPB,CAMPBELL SOUP CO,,CPB,,N,A,R,20384,0,1,2032,13442910,,,,,,,,,20.000,203.000,,,,,,,,,,,,,,,26.790,27.490,26.930,950400.000,-0.016794,26.750,27.090,409665.000,1.000,1.000,27.390,,-0.016794,0.010,0.009,0.006,0.006,0.010
25320,2002/02/14,,11,1,2032,13442910,CPB,CAMPBELL SOUP CO,,CPB,,N,A,R,20384,0,1,2032,13442910,,,,,,,,,20.000,203.000,,,,,,,,,,,,,,,26.440,26.930,26.610,1001600.000,-0.011883,26.500,26.830,409665.000,1.000,1.000,26.930,,-0.011883,-0.002,-0.003,-0.005,-0.005,-0.002
25320,2002/02/15,,11,1,2032,13442910,CPB,CAMPBELL SOUP CO,,CPB,,N,A,R,20384,0,1,2032,13442910,,,,,,,,,20.000,203.000,,,,,,,,,,,,,,,26.450,27.010,26.580,1020500.000,-0.001127,26.400,26.930,409665.000,1.000,1.000,26.550,,-0.001127,-0.010,-0.010,-0.004,-0.004,-0.011
25320,2002/02/19,,11,1,2032,13442910,CPB,CAMPBELL SOUP CO,,CPB,,N,A,R,20384,0,1,2032,13442910,,,,,,,,,20.000,203.000,,,,,,,,,,,,,,,25.590,26.610,25.900,1277200.000,-0.025583,25.700,26.220,409665.000,1.000,1.000,26.500,,-0.025583,-0.019,-0.019,-0.015,-0.015,-0.019
25320,2002/02/20,,11,1,2032,13442910,CPB,CAMPBELL SOUP CO,,CPB,,N,A,R,20384,0,1,2032,13442910,,,,,,,,,20.000,203.000,,,,,,,,,,,,,,,25.590,27.130,26.890,983400.000,0.038224,26.620,27.140,409665.000,1.000,1.000,26.150,,0.038224,0.013,0.013,0.005,0.005,0.014
25320,2002/02/21,,11,1,2032,13442910,CPB,CAMPBELL SOUP CO,,CPB,,N,A,R,20384,0,1,2032,13442910,,,,,,,,,20.000,203.000,,,,,,,,,,,,,,,26.390,27.230,26.620,801800.000,-0.010041,26.400,26.810,409665.000,1.000,1.000,26.390,,-0.010041,-0.015,-0.015,-0.009,-0.009,-0.016
25320,2002/02/22,,11,1,2032,13442910,CPB,CAMPBELL SOUP CO,,CPB,,N,A,R,20384,0,1,2032,13442910,,,,,,,,,20.000,203.000,,,,,,,,,,,,,,,26.200,27.400,27.150,765600.000,0.019910,27.040,27.390,409665.000,1.000,1.000,26.500,,0.019910,0.007,0.007,0.004,0.004,0.008
25320,2002/02/25,,11,1,2032,13442910,CPB,CAMPBELL SOUP CO,,CPB,,N,A,R,20384,0,1,2032,13442910,,,,,,,,,20.000,203.000,,,,,,,,,,,,,,,26.890,27.300,27.140,707900.000,-0.000368,26.910,27.390,409665.000,1.000,1.000,27.300,,-0.000368,0.016,0.016,0.005,0.005,0.018
25320,2002/02/26,,11,1,2032,13442910,CPB,CAMPBELL SOUP CO,,CPB,,N,A,R,20384,0,1,2032,13442910,,,,,,,,,20.000,203.000,,,,,,,,,,,,,,,26.660,27.270,26.830,456300.000,-0.011422,26.680,27.000,409665.000,1.000,1.000,27.150,,-0.011422,0.001,0.001,0.003,0.003,-0.000
25320,2002/02/27,,11,1,2032,13442910,CPB,CAMPBELL SOUP CO,,CPB,,N,A,R,20384,0,1,2032,13442910,,,,,,,,,20.000,203.000,,,,,,,,,,,,,,,26.560,26.950,26.740,667100.000,-0.003354,26.550,27.000,409665.000,1.000,1.000,26.950,,-0.003354,0.001,0.001,0.003,0.003,0.000
25320,2002/02/28,,11,1,2032,13442910,CPB,CAMPBELL SOUP CO,,CPB,,N,A,R,20384,0,1,2032,13442910,,,,,,,,0.000,20.000,203.000,,,,,,,,,,,,,,,26.610,27.250,26.740,761500.000,0.000000,26.440,26.950,409665.000,1.000,1.000,26.750,,0.000000,-0.003,-0.003,-0.001,-0.001,-0.003
25320,2002/03/01,,11,1,2032,13442910,CPB,CAMPBELL SOUP CO,,CPB,,N,A,R,20384,0,1,2032,13442910,,,,,,,,,20.000,203.000,,,,,,,,,,,,,,,26.500,26.950,26.900,572700.000,0.005984,26.800,26.810,409665.000,1.000,1.000,26.660,,0.005984,0.022,0.022,0.012,0.012,0.023
25320,2002/03/04,,11,1,2032,13442910,CPB,CAMPBELL SOUP CO,,CPB,,N,A,R,20384,0,1,2032,13442910,,,,,,,,,20.000,203.000,,,,,,,,,,,,,,,25.930,27.150,26.190,1113400.000,-0.026394,26.000,26.480,409665.000,1.000,1.000,27.000,,-0.026394,0.020,0.020,0.015,0.015,0.019
25320,2002/03/05,,11,1,2032,13442910,CPB,CAMPBELL SOUP CO,,CPB,,N,A,R,20384,0,1,2032,13442910,,,,,,,,,20.000,203.000,,,,,,,,,,,,,,,26.200,26.920,26.850,1027000.000,0.025200,26.620,27.000,409665.000,1.000,1.000,26.320,,0.025200,-0.005,-0.005,0.003,0.003,-0.007
25320,2002/03/06,,11,1,2032,13442910,CPB,CAMPBELL SOUP CO,,CPB,,N,A,R,20384,0,1,2032,13442910,,,,,,,,,20.000,203.000,,,,,,,,,,,,,,,26.650,26.990,26.810,669500.000,-0.001490,26.700,27.000,409665.000,1.000,1.000,26.860,,-0.001490,0.014,0.014,0.013,0.012,0.015
25320,2002/03/07,,11,1,2032,13442910,CPB,CAMPBELL SOUP CO,,CPB,,N,A,R,20384,0,1,2032,13442910,,,,,,,,,20.000,203.000,,,,,,,,,,,,,,,26.140,26.860,26.400,513600.000,-0.015293,26.200,26.710,409665.000,1.000,1.000,26.680,,-0.015293,-0.004,-0.004,0.004,0.004,-0.004
25320,2002/03/08,,11,1,2032,13442910,CPB,CAMPBELL SOUP CO,,CPB,,N,A,R,20384,0,1,2032,13442910,,,,,,,,,20.000,203.000,,,,,,,,,,,,,,,26.290,26.690,26.440,463700.000,0.001515,26.250,26.610,409665.000,1.000,1.000,26.640,,0.001515,0.007,0.007,0.009,0.009,0.006
25320,2002/03/11,,11,1,2032,13442910,CPB,CAMPBELL SOUP CO,,CPB,,N,A,R,20384,0,1,2032,13442910,,,,,,,,,20.000,203.000,,,,,,,,,,,,,,,26.280,26.810,26.600,639600.000,0.006051,26.400,26.710,409665.000,1.000,1.000,26.650,,0.006051,0.003,0.003,0.005,0.005,0.003
25320,2002/03/12,,11,1,2032,13442910,CPB,CAMPBELL SOUP CO,,CPB,,N,A,R,20384,0,1,2032,13442910,,,,,,,,,20.000,203.000,,,,,,,,,,,,,,,26.330,26.650,26.500,585200.000,-0.003759,26.250,26.770,409665.000,1.000,1.000,26.580,,-0.003759,-0.003,-0.003,-0.003,-0.003,-0.002
25320,2002/03/13,,11,1,2032,13442910,CPB,CAMPBELL SOUP CO,,CPB,,N,A,R,20384,0,1,2032,13442910,,,,,,,,,20.000,203.000,,,,,,,,,,,,,,,25.950,26.620,26.130,658700.000,-0.013962,25.880,26.240,409665.000,1.000,1.000,26.500,,-0.013962,-0.009,-0.009,-0.003,-0.004,-0.010
25320,2002/03/14,,11,1,2032,13442910,CPB,CAMPBELL SOUP CO,,CPB,,N,A,R,20384,0,1,2032,13442910,,,,,,,,,20.000,203.000,,,,,,,,,,,,,,,26.050,26.650,26.430,463500.000,0.011481,26.070,26.560,409665.000,1.000,1.000,26.050,,0.011481,-0.000,-0.000,0.004,0.004,-0.001
25320,2002/03/15,,11,1,2032,13442910,CPB,CAMPBELL SOUP CO,,CPB,,N,A,R,20384,0,1,2032,13442910,,,,,,,,,20.000,203.000,,,,,,,,,,,,,,,25.930,26.390,26.280,1031200.000,-0.005675,26.110,26.490,409665.000,1.000,1.000,26.200,,-0.005675,0.010,0.010,0.005,0.005,0.011
25320,2002/03/18,,11,1,2032,13442910,CPB,CAMPBELL SOUP CO,,CPB,,N,A,R,20384,0,1,2032,13442910,,,,,,,,,20.000,203.000,,,,,,,,,,,,,,,26.040,26.300,26.100,605800.000,-0.006849,26.030,26.290,409665.000,1.000,1.000,26.040,,-0.006849,0.001,0.001,0.005,0.005,-0.001
25320,2002/03/19,,11,1,2032,13442910,CPB,CAMPBELL SOUP CO,,CPB,,N,A,R,20384,0,1,2032,13442910,,,,,,,,,20.000,203.000,,,,,,,,,,,,,,,26.120,26.590,26.340,604300.000,0.009195,26.070,26.600,409665.000,1.000,1.000,26.250,,0.009195,0.003,0.003,0.003,0.003,0.004
25320,2002/03/20,,11,1,2032,13442910,CPB,CAMPBELL SOUP CO,,CPB,,N,A,R,20384,0,1,2032,13442910,,,,,,,,,20.000,203.000,,,,,,,,,,,,,,,26.430,26.840,26.650,730500.000,0.011769,26.370,26.880,409665.000,1.000,1.000,26.500,,0.011769,-0.014,-0.014,-0.006,-0.006,-0.016
25320,2002/03/21,,11,1,2032,13442910,CPB,CAMPBELL SOUP CO,,CPB,,N,A,R,20384,0,1,2032,13442910,,,,,,,,,20.000,203.000,,,,,,,,,,,,,,,26.690,27.250,26.800,999400.000,0.005629,26.520,27.020,409665.000,1.000,1.000,26.900,,0.005629,0.003,0.003,0.006,0.006,0.002
25320,2002/03/22,,11,1,2032,13442910,CPB,CAMPBELL SOUP CO,,CPB,,N,A,R,20384,0,1,2032,13442910,,,,,,,,,20.000,203.000,,,,,,,,,,,,,,,26.550,26.880,26.670,300300.000,-0.004851,26.380,26.900,409665.000,1.000,1.000,26.700,,-0.004851,-0.004,-0.004,-0.000,-0.000,-0.004
25320,2002/03/25,,11,1,2032,13442910,CPB,CAMPBELL SOUP CO,,CPB,,N,A,R,20384,0,1,2032,13442910,,,,,,,,,20.000,203.000,,,,,,,,,,,,,,,26.250,26.700,26.440,526600.000,-0.008624,26.190,26.710,409665.000,1.000,1.000,26.420,,-0.008624,-0.014,-0.014,-0.007,-0.007,-0.015
25320,2002/03/26,,11,1,2032,13442910,CPB,CAMPBELL SOUP CO,,CPB,,N,A,R,20384,0,1,2032,13442910,,,,,,,,,20.000,203.000,,,,,,,,,,,,,,,26.440,26.880,26.810,471800.000,0.013994,26.550,27.100,409665.000,1.000,1.000,26.500,,0.013994,0.006,0.006,0.005,0.004,0.006
25320,2002/03/27,,11,1,2032,13442910,CPB,CAMPBELL SOUP CO,,CPB,,N,A,R,20384,0,1,2032,13442910,,,,,,,,,20.000,203.000,,,,,,,,,,,,,,,26.670,27.050,26.790,384300.000,-0.000746,26.790,26.810,409665.000,1.000,1.000,26.950,,-0.000746,0.006,0.005,0.006,0.006,0.005
25320,2002/03/28,,11,1,2032,13442910,CPB,CAMPBELL SOUP CO,,CPB,,N,A,R,20384,0,1,2032,13442910,,,,,,,,0.000,20.000,203.000,,,,,,,,,,,,,,,26.700,27.160,26.800,547200.000,0.000373,26.470,26.950,409781.000,1.000,1.000,26.850,,0.000373,0.003,0.003,0.006,0.006,0.002
25320,2002/04/01,,11,1,2032,13442910,CPB,CAMPBELL SOUP CO,,CPB,,N,A,R,20384,0,1,2032,13442910,,,,,,,,,20.000,203.000,,,,,,,,,,,,,,,26.450,26.760,26.650,404200.000,-0.005597,26.430,26.860,409781.000,1.000,1.000,26.720,,-0.005597,-0.001,-0.001,-0.001,-0.001,-0.001
25320,2002/04/02,,11,1,2032,13442910,CPB,CAMPBELL SOUP CO,,CPB,,N,A,R,20384,0,1,2032,13442910,,,,,,,,,20.000,203.000,,,,,,,,,,,,,,,26.360,26.940,26.890,486400.000,0.009006,26.670,27.000,409781.000,1.000,1.000,26.650,,0.009006,-0.009,-0.009,-0.005,-0.005,-0.009
25320,2002/04/03,,11,1,2032,13442910,CPB,CAMPBELL SOUP CO,,CPB,,N,A,R,20384,0,1,2032,13442910,,,,,,,,,20.000,203.000,,,,,,,,,,,,,,,26.710,27.150,26.780,1114700.000,-0.004091,26.770,26.790,409781.000,1.000,1.000,26.890,,-0.004091,-0.009,-0.010,-0.006,-0.006,-0.010
25320,2002/04/04,,11,1,2032,13442910,CPB,CAMPBELL SOUP CO,,CPB,,N,A,R,20384,0,1,2032,13442910,,,,,,,,,20.000,203.000,,,,,,,,,,,,,,,26.640,27.090,26.970,684700.000,0.007095,26.970,26.980,409781.000,1.000,1.000,26.700,,0.007095,0.001,0.001,0.001,0.001,0.001
25320,2002/04/05,,11,1,2032,13442910,CPB,CAMPBELL SOUP CO,,CPB,,N,A,R,20384,0,1,2032,13442910,,,,,,,,,20.000,203.000,,,,,,,,,,,,,,,26.680,27.020,26.690,535600.000,-0.010382,26.610,26.790,409781.000,1.000,1.000,27.020,,-0.010382,-0.003,-0.003,-0.000,-0.000,-0.003
25320,2002/04/08,,11,1,2032,13442910,CPB,CAMPBELL SOUP CO,,CPB,,N,A,R,20384,0,1,2032,13442910,,,,,,,,,20.000,203.000,,,,,,,,,,,,,,,26.440,27.170,27.020,735000.000,0.012364,26.940,27.170,409781.000,1.000,1.000,26.440,,0.012364,0.003,0.003,0.003,0.002,0.002
25320,2002/04/09,,11,1,2032,13442910,CPB,CAMPBELL SOUP CO,,CPB,,N,A,R,20384,0,1,2032,13442910,,,,,,,,,20.000,203.000,,,,,,,,,,,,,,,26.920,27.180,27.020,670200.000,0.000000,26.900,27.090,409781.000,1.000,1.000,27.100,,0.000000,-0.006,-0.006,-0.002,-0.002,-0.007
25320,2002/04/10,,11,1,2032,13442910,CPB,CAMPBELL SOUP CO,,CPB,,N,A,R,20384,0,1,2032,13442910,2002/03/28,,,,,2002/04/30,2002/04/12,0.000,20.000,203.000,1232.000,0.158,0.000,0.000,,,,,,,,,,,27.000,27.990,27.930,913700.000,0.039508,27.710,27.990,409781.000,1.000,1.000,27.110,,0.033679,0.011,0.011,0.009,0.008,0.011
25320,2002/04/11,,11,1,2032,13442910,CPB,CAMPBELL SOUP CO,,CPB,,N,A,R,20384,0,1,2032,13442910,,,,,,,,,20.000,203.000,,,,,,,,,,,,,,,27.840,28.100,27.930,897200.000,0.000000,27.820,28.040,409781.000,1.000,1.000,28.000,,0.000000,-0.021,-0.021,-0.010,-0.010,-0.024
25320,2002/04/12,,11,1,2032,13442910,CPB,CAMPBELL SOUP CO,,CPB,,N,A,R,20384,0,1,2032,13442910,,,,,,,,,20.000,203.000,,,,,,,,,,,,,,,27.920,28.310,28.150,729800.000,0.007877,28.030,28.240,409781.000,1.000,1.000,27.930,,0.007877,0.008,0.008,0.011,0.011,0.007
25320,2002/04/15,,11,1,2032,13442910,CPB,CAMPBELL SOUP CO,,CPB,,N,A,R,20384,0,1,2032,13442910,,,,,,,,,20.000,203.000,,,,,,,,,,,,,,,27.540,28.150,27.560,481900.000,-0.020959,27.510,27.670,409781.000,1.000,1.000,28.150,,-0.020959,-0.006,-0.006,-0.001,-0.001,-0.008
25320,2002/04/16,,11,1,2032,13442910,CPB,CAMPBELL SOUP CO,,CPB,,N,A,R,20384,0,1,2032,13442910,,,,,,,,,20.000,203.000,,,,,,,,,,,,,,,27.560,27.940,27.620,529300.000,0.002177,27.490,27.700,409781.000,1.000,1.000,27.810,,0.002177,0.022,0.022,0.016,0.016,0.023
25320,2002/04/17,,11,1,2032,13442910,CPB,CAMPBELL SOUP CO,,CPB,,N,A,R,20384,0,1,2032,13442910,,,,,,,,,20.000,203.000,,,,,,,,,,,,,,,27.240,27.680,27.470,484900.000,-0.005431,27.330,27.550,409781.000,1.000,1.000,27.620,,-0.005431,-0.002,-0.002,0.001,0.001,-0.002
25320,2002/04/18,,11,1,2032,13442910,CPB,CAMPBELL SOUP CO,,CPB,,N,A,R,20384,0,1,2032,13442910,,,,,,,,,20.000,203.000,,,,,,,,,,,,,,,27.060,27.720,27.400,344600.000,-0.002548,27.260,27.500,409781.000,1.000,1.000,27.600,,-0.002548,-0.002,-0.002,0.003,0.003,-0.001
25320,2002/04/19,,11,1,2032,13442910,CPB,CAMPBELL SOUP CO,,CPB,,N,A,R,20384,0,1,2032,13442910,,,,,,,,,20.000,203.000,,,,,,,,,,,,,,,27.450,27.880,27.750,483500.000,0.012774,27.700,27.740,409781.000,1.000,1.000,27.600,,0.012774,0.001,0.001,0.002,0.002,0.001
25320,2002/04/22,,11,1,2032,13442910,CPB,CAMPBELL SOUP CO,,CPB,,N,A,R,20384,0,1,2032,13442910,,,,,,,,,20.000,203.000,,,,,,,,,,,,,,,27.650,27.990,27.700,312700.000,-0.001802,27.700,27.770,409781.000,1.000,1.000,27.750,,-0.001802,-0.015,-0.015,-0.008,-0.008,-0.015
25320,2002/04/23,,11,1,2032,13442910,CPB,CAMPBELL SOUP CO,,CPB,,N,A,R,20384,0,1,2032,13442910,,,,,,,,,20.000,203.000,,,,,,,,,,,,,,,27.500,28.000,27.650,498800.000,-0.001805,27.640,27.850,409781.000,1.000,1.000,27.520,,-0.001805,-0.005,-0.005,-0.001,-0.001,-0.006
25320,2002/04/24,,11,1,2032,13442910,CPB,CAMPBELL SOUP CO,,CPB,,N,A,R,20384,0,1,2032,13442910,,,,,,,,,20.000,203.000,,,,,,,,,,,,,,,27.410,27.950,27.490,498700.000,-0.005787,27.480,27.490,409781.000,1.000,1.000,27.620,,-0.005787,-0.006,-0.006,-0.002,-0.002,-0.007
25320,2002/04/25,,11,1,2032,13442910,CPB,CAMPBELL SOUP CO,,CPB,,N,A,R,20384,0,1,2032,13442910,,,,,,,,,20.000,203.000,,,,,,,,,,,,,,,27.210,27.860,27.510,625900.000,0.000728,27.370,27.580,409781.000,1.000,1.000,27.250,,0.000728,-0.002,-0.002,-0.002,-0.002,-0.002
25320,2002/04/26,,11,1,2032,13442910,CPB,CAMPBELL SOUP CO,,CPB,,N,A,R,20384,0,1,2032,13442910,,,,,,,,,20.000,203.000,,,,,,,,,,,,,,,27.210,27.700,27.240,537400.000,-0.009815,27.140,27.500,409781.000,1.000,1.000,27.700,,-0.009815,-0.013,-0.014,-0.009,-0.009,-0.014
25320,2002/04/29,,11,1,2032,13442910,CPB,CAMPBELL SOUP CO,,CPB,,N,A,R,20384,0,1,2032,13442910,,,,,,,,,20.000,203.000,,,,,,,,,,,,,,,27.120,27.740,27.170,755600.000,-0.002570,27.080,27.300,409781.000,1.000,1.000,27.240,,-0.002570,-0.009,-0.009,-0.006,-0.006,-0.010
25320,2002/04/30,,11,1,2032,13442910,CPB,CAMPBELL SOUP CO,,CPB,,N,A,R,20384,0,1,2032,13442910,,,,,,,,0.000,20.000,203.000,,,,,,,,,,,,,,,27.250,27.700,27.610,647900.000,0.016194,27.360,27.720,409781.000,1.000,1.000,27.300,,0.016194,0.012,0.012,0.010,0.010,0.011
25320,2002/05/01,,11,1,2032,13442910,CPB,CAMPBELL SOUP CO,,CPB,,N,A,R,20384,0,1,2032,13442910,,,,,,,,,20.000,203.000,,,,,,,,,,,,,,,27.500,28.080,27.920,519800.000,0.011228,27.780,28.020,409781.000,1.000,1.000,27.600,,0.011228,0.008,0.007,0.001,0.001,0.009
25320,2002/05/02,,11,1,2032,13442910,CPB,CAMPBELL SOUP CO,,CPB,,N,A,R,20384,0,1,2032,13442910,,,,,,,,,20.000,203.000,,,,,,,,,,,,,,,27.810,28.350,28.110,639200.000,0.006805,28.010,28.220,409781.000,1.000,1.000,27.900,,0.006805,-0.002,-0.002,0.000,0.000,-0.002
25320,2002/05/03,,11,1,2032,13442910,CPB,CAMPBELL SOUP CO,,CPB,,N,A,R,20384,0,1,2032,13442910,,,,,,,,,20.000,203.000,,,,,,,,,,,,,,,27.620,28.130,27.820,422700.000,-0.010317,27.700,27.850,409781.000,1.000,1.000,28.130,,-0.010317,-0.009,-0.009,-0.002,-0.002,-0.010
25320,2002/05/06,,11,1,2032,13442910,CPB,CAMPBELL SOUP CO,,CPB,,N,A,R,20384,0,1,2032,13442910,,,,,,,,,20.000,203.000,,,,,,,,,,,,,,,27.370,27.910,27.420,546100.000,-0.014378,27.430,27.450,409781.000,1.000,1.000,27.830,,-0.014378,-0.018,-0.018,-0.011,-0.011,-0.019
25320,2002/05/07,,11,1,2032,13442910,CPB,CAMPBELL SOUP CO,,CPB,,N,A,R,20384,0,1,2032,13442910,,,,,,,,,20.000,203.000,,,,,,,,,,,,,,,27.260,27.760,27.380,402000.000,-0.001459,27.280,27.490,409781.000,1.000,1.000,27.430,,-0.001459,-0.004,-0.004,-0.006,-0.006,-0.003
25320,2002/05/08,,11,1,2032,13442910,CPB,CAMPBELL SOUP CO,,CPB,,N,A,R,20384,0,1,2032,13442910,,,,,,,,,20.000,203.000,,,,,,,,,,,,,,,27.060,27.600,27.500,579200.000,0.004383,27.480,27.490,409781.000,1.000,1.000,27.600,,0.004383,0.034,0.034,0.019,0.019,0.038
25320,2002/05/09,,11,1,2032,13442910,CPB,CAMPBELL SOUP CO,,CPB,,N,A,R,20384,0,1,2032,13442910,,,,,,,,,20.000,203.000,,,,,,,,,,,,,,,27.150,27.740,27.220,527300.000,-0.010182,27.210,27.380,409781.000,1.000,1.000,27.250,,-0.010182,-0.014,-0.014,-0.008,-0.008,-0.015
25320,2002/05/10,,11,1,2032,13442910,CPB,CAMPBELL SOUP CO,,CPB,,N,A,R,20384,0,1,2032,13442910,,,,,,,,,20.000,203.000,,,,,,,,,,,,,,,26.980,27.360,27.010,341200.000,-0.007715,27.010,27.020,409781.000,1.000,1.000,27.260,,-0.007715,-0.015,-0.015,-0.008,-0.008,-0.017
25320,2002/05/13,,11,1,2032,13442910,CPB,CAMPBELL SOUP CO,,CPB,,N,A,R,20384,0,1,2032,13442910,,,,,,,,,20.000,203.000,,,,,,,,,,,,,,,26.940,27.450,27.240,287100.000,0.008515,27.230,27.250,409781.000,1.000,1.000,26.940,,0.008515,0.017,0.017,0.007,0.007,0.019
25320,2002/05/14,,11,1,2032,13442910,CPB,CAMPBELL SOUP CO,,CPB,,N,A,R,20384,0,1,2032,13442910,,,,,,,,,20.000,203.000,,,,,,,,,,,,,,,26.850,27.260,27.260,657500.000,0.000734,27.250,27.260,409781.000,1.000,1.000,27.070,,0.000734,0.021,0.021,0.015,0.015,0.021
25320,2002/05/15,,11,1,2032,13442910,CPB,CAMPBELL SOUP CO,,CPB,,N,A,R,20384,0,1,2032,13442910,,,,,,,,,20.000,203.000,,,,,,,,,,,,,,,27.060,27.680,27.670,992800.000,0.015040,27.570,27.750,409781.000,1.000,1.000,27.260,,0.015040,-0.003,-0.004,0.001,0.001,-0.006
25320,2002/05/16,,11,1,2032,13442910,CPB,CAMPBELL SOUP CO,,CPB,,N,A,R,20384,0,1,2032,13442910,,,,,,,,,20.000,203.000,,,,,,,,,,,,,,,27.640,28.000,27.960,610200.000,0.010481,27.940,27.960,409781.000,1.000,1.000,27.700,,0.010481,0.004,0.003,-0.001,-0.001,0.007
25320,2002/05/17,,11,1,2032,13442910,CPB,CAMPBELL SOUP CO,,CPB,,N,A,R,20384,0,1,2032,13442910,,,,,,,,,20.000,203.000,,,,,,,,,,,,,,,27.480,28.240,27.520,1045500.000,-0.015737,27.580,27.590,409781.000,1.000,1.000,28.210,,-0.015737,0.007,0.007,0.004,0.004,0.008
25320,2002/05/20,,11,1,2032,13442910,CPB,CAMPBELL SOUP CO,,CPB,,N,A,R,20384,0,1,2032,13442910,,,,,,,,,20.000,203.000,,,,,,,,,,,,,,,27.150,27.590,27.470,542300.000,-0.001817,27.470,27.480,409781.000,1.000,1.000,27.500,,-0.001817,-0.012,-0.012,-0.006,-0.006,-0.013
25320,2002/05/21,,11,1,2032,13442910,CPB,CAMPBELL SOUP CO,,CPB,,N,A,R,20384,0,1,2032,13442910,,,,,,,,,20.000,203.000,,,,,,,,,,,,,,,27.660,27.900,27.750,587100.000,0.010193,27.610,27.820,409781.000,1.000,1.000,27.720,,0.010193,-0.011,-0.011,-0.009,-0.009,-0.011
25320,2002/05/22,,11,1,2032,13442910,CPB,CAMPBELL SOUP CO,,CPB,,N,A,R,20384,0,1,2032,13442910,,,,,,,,,20.000,203.000,,,,,,,,,,,,,,,27.750,28.100,28.060,486100.000,0.011171,27.800,28.250,409781.000,1.000,1.000,27.750,,0.011171,0.004,0.004,-0.002,-0.002,0.006
25320,2002/05/23,,11,1,2032,13442910,CPB,CAMPBELL SOUP CO,,CPB,,N,A,R,20384,0,1,2032,13442910,,,,,,,,,20.000,203.000,,,,,,,,,,,,,,,27.750,28.060,28.020,377300.000,-0.001425,27.900,28.110,409781.000,1.000,1.000,28.050,,-0.001425,0.010,0.010,0.007,0.007,0.010
25320,2002/05/24,,11,1,2032,13442910,CPB,CAMPBELL SOUP CO,,CPB,,N,A,R,20384,0,1,2032,13442910,,,,,,,,,20.000,203.000,,,,,,,,,,,,,,,27.970,28.250,28.000,445500.000,-0.000714,27.890,28.100,409781.000,1.000,1.000,28.100,,-0.000714,-0.011,-0.011,-0.005,-0.005,-0.012
25320,2002/05/28,,11,1,2032,13442910,CPB,CAMPBELL SOUP CO,,CPB,,N,A,R,20384,0,1,2032,13442910,,,,,,,,,20.000,203.000,,,,,,,,,,,,,,,27.590,28.100,27.700,588500.000,-0.010714,27.600,27.810,409781.000,1.000,1.000,27.800,,-0.010714,-0.007,-0.007,-0.002,-0.002,-0.009
25320,2002/05/29,,11,1,2032,13442910,CPB,CAMPBELL SOUP CO,,CPB,,N,A,R,20384,0,1,2032,13442910,,,,,,,,,20.000,203.000,,,,,,,,,,,,,,,27.700,28.030,27.960,412400.000,0.009386,27.850,28.060,409781.000,1.000,1.000,27.710,,0.009386,-0.007,-0.007,-0.006,-0.006,-0.006
25320,2002/05/30,,11,1,2032,13442910,CPB,CAMPBELL SOUP CO,,CPB,,N,A,R,20384,0,1,2032,13442910,,,,,,,,,20.000,203.000,,,,,,,,,,,,,,,27.710,28.280,28.010,573000.000,0.001788,27.790,28.070,409781.000,1.000,1.000,27.950,,0.001788,-0.002,-0.002,-0.001,-0.001,-0.003
25320,2002/05/31,,11,1,2032,13442910,CPB,CAMPBELL SOUP CO,,CPB,,N,A,R,20384,0,1,2032,13442910,,,,,,,,0.000,20.000,203.000,,,,,,,,,,,,,,,28.000,28.370,28.250,919200.000,0.008568,28.180,28.220,409781.000,1.000,1.000,28.000,,0.008568,0.002,0.002,0.003,0.003,0.002
25320,2002/06/03,,11,1,2032,13442910,CPB,CAMPBELL SOUP CO,,CPB,,N,A,R,20384,0,1,2032,13442910,,,,,,,,,20.000,203.000,,,,,,,,,,,,,,,27.640,28.400,27.820,793700.000,-0.015221,27.750,27.960,409781.000,1.000,1.000,28.170,,-0.015221,-0.024,-0.024,-0.018,-0.018,-0.025
25320,2002/06/04,,11,1,2032,13442910,CPB,CAMPBELL SOUP CO,,CPB,,N,A,R,20384,0,1,2032,13442910,,,,,,,,,20.000,203.000,,,,,,,,,,,,,,,27.290,27.850,27.540,771000.000,-0.010065,27.400,27.610,409781.000,1.000,1.000,27.570,,-0.010065,-0.001,-0.001,-0.004,-0.004,0.000
25320,2002/06/05,,11,1,2032,13442910,CPB,CAMPBELL SOUP CO,,CPB,,N,A,R,20384,0,1,2032,13442910,,,,,,,,,20.000,203.000,,,,,,,,,,,,,,,27.250,27.770,27.580,709400.000,0.001452,27.440,27.650,409781.000,1.000,1.000,27.540,,0.001452,0.008,0.007,0.000,0.000,0.009
25320,2002/06/06,,11,1,2032,13442910,CPB,CAMPBELL SOUP CO,,CPB,,N,A,R,20384,0,1,2032,13442910,,,,,,,,,20.000,203.000,,,,,,,,,,,,,,,26.940,27.650,27.060,579600.000,-0.018854,26.940,27.160,409781.000,1.000,1.000,27.650,,-0.018854,-0.018,-0.018,-0.015,-0.015,-0.020
25320,2002/06/07,,11,1,2032,13442910,CPB,CAMPBELL SOUP CO,,CPB,,N,A,R,20384,0,1,2032,13442910,,,,,,,,,20.000,203.000,,,,,,,,,,,,,,,26.950,27.490,27.280,683100.000,0.008130,27.160,27.380,409781.000,1.000,1.000,27.260,,0.008130,-0.000,-0.000,0.002,0.002,-0.002
25320,2002/06/10,,11,1,2032,13442910,CPB,CAMPBELL SOUP CO,,CPB,,N,A,R,20384,0,1,2032,13442910,,,,,,,,,20.000,203.000,,,,,,,,,,,,,,,27.130,27.600,27.400,397100.000,0.004399,27.200,27.500,409781.000,1.000,1.000,27.200,,0.004399,0.002,0.002,-0.003,-0.003,0.003
25320,2002/06/11,,11,1,2032,13442910,CPB,CAMPBELL SOUP CO,,CPB,,N,A,R,20384,0,1,2032,13442910,,,,,,,,,20.000,203.000,,,,,,,,,,,,,,,27.480,28.120,27.840,1310600.000,0.016058,27.680,27.890,409781.000,1.000,1.000,27.750,,0.016058,-0.016,-0.016,-0.009,-0.009,-0.017
25320,2002/06/12,,11,1,2032,13442910,CPB,CAMPBELL SOUP CO,,CPB,,N,A,R,20384,0,1,2032,13442910,,,,,,,,,20.000,203.000,,,,,,,,,,,,,,,27.440,28.100,27.730,849100.000,-0.003951,27.630,27.850,409781.000,1.000,1.000,27.840,,-0.003951,0.005,0.004,-0.004,-0.005,0.007
25320,2002/06/13,,11,1,2032,13442910,CPB,CAMPBELL SOUP CO,,CPB,,N,A,R,20384,0,1,2032,13442910,,,,,,,,,20.000,203.000,,,,,,,,,,,,,,,27.170,27.900,27.300,542200.000,-0.015507,27.140,27.400,409781.000,1.000,1.000,27.730,,-0.015507,-0.010,-0.010,-0.007,-0.007,-0.010
25320,2002/06/14,,11,1,2032,13442910,CPB,CAMPBELL SOUP CO,,CPB,,N,A,R,20384,0,1,2032,13442910,,,,,,,,,20.000,203.000,,,,,,,,,,,,,,,26.560,27.390,27.010,622500.000,-0.010623,26.940,27.180,409781.000,1.000,1.000,27.300,,-0.010623,-0.001,-0.001,0.000,0.000,-0.002
25320,2002/06/17,,11,1,2032,13442910,CPB,CAMPBELL SOUP CO,,CPB,,N,A,R,20384,0,1,2032,13442910,,,,,,,,,20.000,203.000,,,,,,,,,,,,,,,27.130,28.100,28.040,884000.000,0.038134,27.980,28.150,409781.000,1.000,1.000,27.450,,0.038134,0.027,0.027,0.015,0.015,0.029
25320,2002/06/18,,11,1,2032,13442910,CPB,CAMPBELL SOUP CO,,CPB,,N,A,R,20384,0,1,2032,13442910,,,,,,,,,20.000,203.000,,,,,,,,,,,,,,,27.670,28.190,27.860,472000.000,-0.006419,27.750,27.960,409781.000,1.000,1.000,28.000,,-0.006419,0.000,0.000,-0.000,-0.001,0.001
25320,2002/06/19,,11,1,2032,13442910,CPB,CAMPBELL SOUP CO,,CPB,,N,A,R,20384,0,1,2032,13442910,,,,,,,,,20.000,203.000,,,,,,,,,,,,,,,27.560,27.970,27.640,618200.000,-0.007897,27.570,27.910,409781.000,1.000,1.000,27.750,,-0.007897,-0.016,-0.016,-0.014,-0.015,-0.017
25320,2002/06/20,,11,1,2032,13442910,CPB,CAMPBELL SOUP CO,,CPB,,N,A,R,20384,0,1,2032,13442910,,,,,,,,,20.000,203.000,,,,,,,,,,,,,,,27.620,28.170,27.970,665700.000,0.011939,27.800,28.010,409781.000,1.000,1.000,27.650,,0.011939,-0.013,-0.013,-0.004,-0.004,-0.013
25320,2002/06/21,,11,1,2032,13442910,CPB,CAMPBELL SOUP CO,,CPB,,N,A,R,20384,0,1,2032,13442910,,,,,,,,,20.000,203.000,,,,,,,,,,,,,,,27.300,27.780,27.530,1013400.000,-0.015731,27.340,27.590,409781.000,1.000,1.000,27.300,,-0.015731,-0.014,-0.014,-0.002,-0.002,-0.017
25320,2002/06/24,,11,1,2032,13442910,CPB,CAMPBELL SOUP CO,,CPB,,N,A,R,20384,0,1,2032,13442910,,,,,,,,,20.000,203.000,,,,,,,,,,,,,,,26.930,27.530,27.090,667000.000,-0.015983,26.990,27.220,409781.000,1.000,1.000,27.530,,-0.015983,0.001,0.001,-0.005,-0.005,0.004
25320,2002/06/25,,11,1,2032,13442910,CPB,CAMPBELL SOUP CO,,CPB,,N,A,R,20384,0,1,2032,13442910,,,,,,,,,20.000,203.000,,,,,,,,,,,,,,,26.570,27.440,26.600,690300.000,-0.018088,26.590,26.800,409781.000,1.000,1.000,27.280,,-0.018088,-0.015,-0.015,-0.008,-0.008,-0.017
25320,2002/06/26,,11,1,2032,13442910,CPB,CAMPBELL SOUP CO,,CPB,,N,A,R,20384,0,1,2032,13442910,,,,,,,,,20.000,203.000,,,,,,,,,,,,,,,26.210,26.980,26.660,1151800.000,0.002256,26.550,26.760,409781.000,1.000,1.000,26.560,,0.002256,-0.003,-0.004,-0.008,-0.009,-0.003
25320,2002/06/27,,11,1,2032,13442910,CPB,CAMPBELL SOUP CO,,CPB,,N,A,R,20384,0,1,2032,13442910,,,,,,,,,20.000,203.000,,,,,,,,,,,,,,,26.590,27.850,27.820,1018900.000,0.043511,27.640,27.850,409781.000,1.000,1.000,26.660,,0.043511,0.016,0.016,0.012,0.011,0.018
25320,2002/06/28,,11,1,2032,13442910,CPB,CAMPBELL SOUP CO,,CPB,,N,A,R,20384,0,1,2032,13442910,,,,,,,,0.000,20.000,203.000,,,,,,,,,,,,,,,27.660,28.190,27.660,1129500.000,-0.005751,27.710,27.990,410200.000,1.000,1.000,27.770,,-0.005751,0.002,0.002,0.012,0.012,-0.001
25320,2002/07/01,,11,1,2032,13442910,CPB,CAMPBELL SOUP CO,,CPB,,N,A,R,20384,0,1,2032,13442910,,,,,,,,,20.000,203.000,,,,,,,,,,,,,,,27.230,27.990,27.350,961300.000,-0.011208,27.360,27.370,410200.000,1.000,1.000,27.520,,-0.011208,-0.022,-0.022,-0.019,-0.019,-0.021
25320,2002/07/02,,11,1,2032,13442910,CPB,CAMPBELL SOUP CO,,CPB,,N,A,R,20384,0,1,2032,13442910,2002/06/27,,,,,2002/07/31,2002/07/05,0.000,20.000,203.000,1232.000,0.158,0.000,0.000,,,,,,,,,,,26.900,27.600,26.940,971100.000,-0.009232,26.910,27.070,410200.000,1.000,1.000,27.300,,-0.014991,-0.022,-0.023,-0.023,-0.023,-0.021
25320,2002/07/03,,11,1,2032,13442910,CPB,CAMPBELL SOUP CO,,CPB,,N,A,R,20384,0,1,2032,13442910,,,,,,,,,20.000,203.000,,,,,,,,,,,,,,,26.230,26.920,26.400,823900.000,-0.020045,26.290,26.520,410200.000,1.000,1.000,26.840,,-0.020045,0.004,0.004,-0.005,-0.005,0.006
25320,2002/07/05,,11,1,2032,13442910,CPB,CAMPBELL SOUP CO,,CPB,,N,A,R,20384,0,1,2032,13442910,,,,,,,,,20.000,203.000,,,,,,,,,,,,,,,26.100,26.880,26.770,402200.000,0.014015,26.590,26.880,410200.000,1.000,1.000,26.350,,0.014015,0.034,0.034,0.022,0.022,0.037
25320,2002/07/08,,11,1,2032,13442910,CPB,CAMPBELL SOUP CO,,CPB,,N,A,R,20384,0,1,2032,13442910,,,,,,,,,20.000,203.000,,,,,,,,,,,,,,,26.300,27.149,26.420,750400.000,-0.013074,26.270,26.500,410200.000,1.000,1.000,26.850,,-0.013074,-0.011,-0.012,-0.008,-0.008,-0.012
25320,2002/07/09,,11,1,2032,13442910,CPB,CAMPBELL SOUP CO,,CPB,,N,A,R,20384,0,1,2032,13442910,,,,,,,,,20.000,203.000,,,,,,,,,,,,,,,25.750,26.520,25.830,704000.000,-0.022332,25.710,25.960,410200.000,1.000,1.000,26.210,,-0.022332,-0.022,-0.022,-0.007,-0.007,-0.025
25320,2002/07/10,,11,1,2032,13442910,CPB,CAMPBELL SOUP CO,,CPB,,N,A,R,20384,0,1,2032,13442910,,,,,,,,,20.000,203.000,,,,,,,,,,,,,,,24.810,25.830,24.810,1477500.000,-0.039489,24.750,24.940,410200.000,1.000,1.000,25.640,,-0.039489,-0.030,-0.030,-0.016,-0.016,-0.034
25320,2002/07/11,,11,1,2032,13442910,CPB,CAMPBELL SOUP CO,,CPB,,N,A,R,20384,0,1,2032,13442910,,,,,,,,,20.000,203.000,,,,,,,,,,,,,,,24.560,25.230,24.840,774900.000,0.001209,24.710,24.940,410200.000,1.000,1.000,24.800,,0.001209,0.005,0.005,-0.004,-0.004,0.007
25320,2002/07/12,,11,1,2032,13442910,CPB,CAMPBELL SOUP CO,,CPB,,N,A,R,20384,0,1,2032,13442910,,,,,,,,,20.000,203.000,,,,,,,,,,,,,,,23.900,24.930,24.070,737900.000,-0.030998,23.970,24.160,410200.000,1.000,1.000,24.620,,-0.030998,-0.006,-0.006,-0.002,-0.002,-0.006
25320,2002/07/15,,11,1,2032,13442910,CPB,CAMPBELL SOUP CO,,CPB,,N,A,R,20384,0,1,2032,13442910,,,,,,,,,20.000,203.000,,,,,,,,,,,,,,,22.900,24.310,24.240,942700.000,0.007063,24.020,24.270,410200.000,1.000,1.000,24.070,,0.007063,-0.005,-0.005,-0.010,-0.010,-0.004
25320,2002/07/16,,11,1,2032,13442910,CPB,CAMPBELL SOUP CO,,CPB,,N,A,R,20384,0,1,2032,13442910,,,,,,,,,20.000,203.000,,,,,,,,,,,,,,,23.140,24.200,23.250,976800.000,-0.040842,23.190,23.430,410200.000,1.000,1.000,24.000,,-0.040842,-0.014,-0.014,-0.000,-0.000,-0.018
25320,2002/07/17,,11,1,2032,13442910,CPB,CAMPBELL SOUP CO,,CPB,,N,A,R,20384,0,1,2032,13442910,,,,,,,,,20.000,203.000,,,,,,,,,,,,,,,23.920,24.850,24.340,1253400.000,0.046882,24.240,24.450,410200.000,1.000,1.000,24.250,,0.046882,0.006,0.006,0.005,0.005,0.006
25320,2002/07/18,,11,1,2032,13442910,CPB,CAMPBELL SOUP CO,,CPB,,N,A,R,20384,0,1,2032,13442910,,,,,,,,,20.000,203.000,,,,,,,,,,,,,,,23.290,24.620,23.430,725500.000,-0.037387,23.330,23.520,410200.000,1.000,1.000,24.150,,-0.037387,-0.025,-0.025,-0.014,-0.014,-0.027
25320,2002/07/19,,11,1,2032,13442910,CPB,CAMPBELL SOUP CO,,CPB,,N,A,R,20384,0,1,2032,13442910,,,,,,,,,20.000,203.000,,,,,,,,,,,,,,,21.870,23.570,22.000,1353800.000,-0.061033,21.920,22.150,410200.000,1.000,1.000,23.300,,-0.061033,-0.033,-0.033,-0.019,-0.019,-0.038
25320,2002/07/22,,11,1,2032,13442910,CPB,CAMPBELL SOUP CO,,CPB,,N,A,R,20384,0,1,2032,13442910,,,,,,,,,20.000,203.000,,,,,,,,,,,,,,,21.000,22.450,21.940,1588900.000,-0.002727,21.790,22.010,410200.000,1.000,1.000,21.950,,-0.002727,-0.032,-0.032,-0.021,-0.021,-0.033
25320,2002/07/23,,11,1,2032,13442910,CPB,CAMPBELL SOUP CO,,CPB,,N,A,R,20384,0,1,2032,13442910,,,,,,,,,20.000,203.000,,,,,,,,,,,,,,,21.470,22.140,22.000,1198000.000,0.002735,21.870,22.100,410200.000,1.000,1.000,21.900,,0.002735,-0.030,-0.030,-0.031,-0.031,-0.027
25320,2002/07/24,,11,1,2032,13442910,CPB,CAMPBELL SOUP CO,,CPB,,N,A,R,20384,0,1,2032,13442910,,,,,,,,,20.000,203.000,,,,,,,,,,,,,,,21.250,22.620,22.600,1225900.000,0.027273,22.470,22.700,410200.000,1.000,1.000,21.750,,0.027273,0.052,0.052,0.018,0.018,0.057
25320,2002/07/25,,11,1,2032,13442910,CPB,CAMPBELL SOUP CO,,CPB,,N,A,R,20384,0,1,2032,13442910,,,,,,,,,20.000,203.000,,,,,,,,,,,,,,,22.600,23.300,22.900,3220700.000,0.013274,22.830,23.080,410200.000,1.000,1.000,22.850,,0.013274,-0.006,-0.006,-0.003,-0.003,-0.006
25320,2002/07/26,,11,1,2032,13442910,CPB,CAMPBELL SOUP CO,,CPB,,N,A,R,20384,0,1,2032,13442910,,,,,,,,,20.000,203.000,,,,,,,,,,,,,,,22.030,22.940,22.500,1174700.000,-0.017467,22.400,22.610,410200.000,1.000,1.000,22.900,,-0.017467,0.015,0.015,0.007,0.007,0.017
25320,2002/07/29,,11,1,2032,13442910,CPB,CAMPBELL SOUP CO,,CPB,,N,A,R,20384,0,1,2032,13442910,,,,,,,,,20.000,203.000,,,,,,,,,,,,,,,22.420,23.250,23.150,1381700.000,0.028889,22.990,23.410,410200.000,1.000,1.000,22.600,,0.028889,0.053,0.053,0.035,0.035,0.054
25320,2002/07/30,,11,1,2032,13442910,CPB,CAMPBELL SOUP CO,,CPB,,N,A,R,20384,0,1,2032,13442910,,,,,,,,,20.000,203.000,,,,,,,,,,,,,,,22.750,23.200,22.900,1919800.000,-0.010799,22.820,23.040,410200.000,1.000,1.000,22.850,,-0.010799,0.005,0.005,0.005,0.005,0.004
25320,2002/07/31,,11,1,2032,13442910,CPB,CAMPBELL SOUP CO,,CPB,,N,A,R,20384,0,1,2032,13442910,,,,,,,,0.000,20.000,203.000,,,,,,,,,,,,,,,22.900,23.370,23.300,1445500.000,0.017467,23.060,23.350,410200.000,1.000,1.000,23.000,,0.017467,0.006,0.005,-0.004,-0.004,0.010
25320,2002/08/01,,11,1,2032,13442910,CPB,CAMPBELL SOUP CO,,CPB,,N,A,R,20384,0,1,2032,13442910,,,,,,,,,20.000,203.000,,,,,,,,,,,,,,,22.860,23.420,23.060,1250600.000,-0.010300,22.890,23.100,410200.000,1.000,1.000,23.300,,-0.010300,-0.026,-0.026,-0.009,-0.009,-0.030
25320,2002/08/02,,11,1,2032,13442910,CPB,CAMPBELL SOUP CO,,CPB,,N,A,R,20384,0,1,2032,13442910,,,,,,,,,20.000,203.000,,,,,,,,,,,,,,,22.040,23.150,22.450,1775200.000,-0.026453,22.380,22.390,410200.000,1.000,1.000,23.000,,-0.026453,-0.023,-0.023,-0.018,-0.018,-0.023
