PERMNO,date,NAMEENDT,SHRCD,EXCHCD,SICCD,NCUSIP,TICKER,COMNAM,SHRCLS,TSYMBOL,NAICS,PRIMEXCH,TRDSTAT,SECSTAT,PERMCO,ISSUNO,HEXCD,HSICCD,CUSIP,DCLRDT,DLAMT,DLPDT,DLSTCD,NEXTDT,PAYDT,RCRDDT,SHRFLG,HSICMG,HSICIG,DISTCD,DIVAMT,FACPR,FACSHR,ACPERM,ACCOMP,NWPERM,DLRETX,DLPRC,DLRET,TRTSCD,NMSIND,MMCNT,NSDINX,BIDLO,ASKHI,PRC,VOL,RET,BID,ASK,SHROUT,CFACPR,CFACSHR,OPENPRC,NUMTRD,RETX,vwretd,vwretx,ewretd,ewretx,sprtrn
83981,2001/01/02,,11,1,4911,13134710,CPN,CALPINE CORP,,,,N,A,R,31726,0,1,4911,13134710,,,,,,,,,,,,,,,,,,,,,,,,,41.125,45.438,41.750,2543400.000,-0.073509,,,281544.000,1.000,1.000,45.312,,-0.073509,-0.034,-0.034,-0.001,-0.001,-0.028
83981,2001/01/03,,11,1,4911,13134710,CPN,CALPINE CORP,,,,N,A,R,31726,0,1,4911,13134710,,,,,,,,,,,,,,,,,,,,,,,,,38.500,41.750,38.500,4604100.000,-0.077844,,,281544.000,1.000,1.000,41.750,,-0.077844,0.053,0.053,0.046,0.046,0.050
83981,2001/01/04,,11,1,4911,13134710,CPN,CALPINE CORP,,,,N,A,R,31726,0,1,4911,13134710,,,,,,,,,,,,,,,,,,,,,,,,,29.000,36.125,32.500,20373200.000,-0.155844,,,281544.000,1.000,1.000,31.625,,-0.155844,-0.012,-0.012,0.011,0.011,-0.011
83981,2001/01/05,,11,1,4911,13134710,CPN,CALPINE CORP,,,,N,A,R,31726,0,1,4911,13134710,,,,,,,,,,,,,,,,,,,,,,,,,32.375,36.375,35.062,7810800.000,0.078846,,,281544.000,1.000,1.000,32.750,,0.078846,-0.029,-0.029,-0.009,-0.009,-0.026
83981,2001/01/08,,11,1,4911,13134710,CPN,CALPINE CORP,,,,N,A,R,31726,0,1,4911,13134710,,,,,,,,,,,,,,,,,,,,,,,,,33.750,36.750,34.188,3727300.000,-0.024955,,,281544.000,1.000,1.000,36.375,,-0.024955,-0.003,-0.004,-0.005,-0.005,-0.002
83981,2001/01/09,,11,1,4911,13134710,CPN,CALPINE CORP,,,,N,A,R,31726,0,1,4911,13134710,,,,,,,,,,,,,,,,,,,,,,,,,32.188,34.438,32.438,4265700.000,-0.051188,,,281544.000,1.000,1.000,34.188,,-0.051188,0.005,0.005,0.012,0.012,0.004
83981,2001/01/10,,11,1,4911,13134710,CPN,CALPINE CORP,,,,N,A,R,31726,0,1,4911,13134710,,,,,,,,,,,,,,,,,,,,,,,,,29.562,33.000,31.125,7045900.000,-0.040462,,,281544.000,1.000,1.000,32.875,,-0.040462,0.014,0.014,0.021,0.020,0.010
83981,2001/01/11,,11,1,4911,13134710,CPN,CALPINE CORP,,,,N,A,R,31726,0,1,4911,13134710,,,,,,,,,,,,,,,,,,,,,,,,,29.375,31.562,29.500,8068800.000,-0.052209,27.750,29.250,281544.000,1.000,1.000,31.250,,-0.052209,0.015,0.015,0.027,0.027,0.010
83981,2001/01/12,,11,1,4911,13134710,CPN,CALPINE CORP,,,,N,A,R,31726,0,1,4911,13134710,,,,,,,,,,,,,,,,,,,,,,,,,29.000,33.562,33.250,8298600.000,0.127119,,,281544.000,1.000,1.000,29.500,,0.127119,-0.004,-0.004,0.019,0.019,-0.006
83981,2001/01/16,,11,1,4911,13134710,CPN,CALPINE CORP,,,,N,A,R,31726,0,1,4911,13134710,,,,,,,,,,,,,,,,,,,,,,,,,31.438,33.812,33.250,4366000.000,0.000000,,,281544.000,1.000,1.000,33.250,,0.000000,0.006,0.006,0.019,0.019,0.006
83981,2001/01/17,,11,1,4911,13134710,CPN,CALPINE CORP,,,,N,A,R,31726,0,1,4911,13134710,,,,,,,,,,,,,,,,,,,,,,,,,32.875,34.625,33.188,4939700.000,-0.001880,,,281544.000,1.000,1.000,34.625,,-0.001880,0.004,0.004,0.013,0.013,0.002
83981,2001/01/18,,11,1,4911,13134710,CPN,CALPINE CORP,,,,N,A,R,31726,0,1,4911,13134710,,,,,,,,,,,,,,,,,,,,,,,,,34.000,36.625,36.500,4777900.000,0.099812,37.000,38.000,281544.000,1.000,1.000,34.500,,0.099812,0.012,0.012,0.009,0.008,0.014
83981,2001/01/19,,11,1,4911,13134710,CPN,CALPINE CORP,,,,N,A,R,31726,0,1,4911,13134710,,,,,,,,,,,,,,,,,,,,,,,,,36.062,38.000,37.688,3994800.000,0.032534,,,281544.000,1.000,1.000,38.000,,0.032534,-0.004,-0.004,0.004,0.004,-0.004
83981,2001/01/22,,11,1,4911,13134710,CPN,CALPINE CORP,,,,N,A,R,31726,0,1,4911,13134710,,,,,,,,,,,,,,,,,,,,,,,,,36.688,38.625,38.312,2748200.000,0.016584,,,281544.000,1.000,1.000,37.750,,0.016584,0.000,0.000,0.005,0.005,0.000
83981,2001/01/23,,11,1,4911,13134710,CPN,CALPINE CORP,,,,N,A,R,31726,0,1,4911,13134710,,,,,,,,,,,,,,,,,,,,,,,,,38.125,40.562,40.500,4754300.000,0.057096,,,281544.000,1.000,1.000,38.312,,0.057096,0.016,0.016,0.015,0.015,0.013
83981,2001/01/24,,11,1,4911,13134710,CPN,CALPINE CORP,,,,N,A,R,31726,0,1,4911,13134710,,,,,,,,,,,,,,,,,,,,,,,,,39.562,41.125,39.875,2628900.000,-0.015432,,,281544.000,1.000,1.000,40.500,,-0.015432,0.003,0.003,0.007,0.007,0.003
83981,2001/01/25,,11,1,4911,13134710,CPN,CALPINE CORP,,,,N,A,R,31726,0,1,4911,13134710,,,,,,,,,,,,,,,,,,,,,,,,,40.000,41.750,40.438,2057000.000,0.014107,,,281544.000,1.000,1.000,40.688,,0.014107,-0.008,-0.008,-0.003,-0.003,-0.005
83981,2001/01/26,,11,1,4911,13134710,CPN,CALPINE CORP,,,,N,A,R,31726,0,1,4911,13134710,,,,,,,,,,,,,,,,,,,,,,,,,40.312,42.000,42.000,2272000.000,0.038640,,,281544.000,1.000,1.000,40.562,,0.038640,-0.001,-0.001,0.002,0.002,-0.002
83981,2001/01/29,,11,1,4911,13134710,CPN,CALPINE CORP,,,,N,A,R,31726,0,1,4911,13134710,,,,,,,,,,,,,,,,,,,,,,,,,42.300,43.360,43.000,2021100.000,0.023810,,,281544.000,1.000,1.000,42.750,,0.023810,0.009,0.009,0.010,0.010,0.007
83981,2001/01/30,,11,1,4911,13134710,CPN,CALPINE CORP,,,,N,A,R,31726,0,1,4911,13134710,,,,,,,,,,,,,,,,,,,,,,,,,41.580,43.000,41.740,1497700.000,-0.029302,,,281544.000,1.000,1.000,42.200,,-0.029302,0.007,0.007,0.010,0.009,0.007
83981,2001/01/31,,11,1,4911,13134710,CPN,CALPINE CORP,,,,N,A,R,31726,0,1,4911,13134710,,,,,,,,0.000,,,,,,,,,,,,,,,,,38.750,41.750,39.910,3582300.000,-0.043843,,,281544.000,1.000,1.000,41.740,,-0.043843,-0.007,-0.007,-0.000,-0.000,-0.006
83981,2001/02/01,2002/01/01,11,1,4931,13134710,CPN,CALPINE CORP,,,,N,A,R,31726,0,1,4911,13134710,,,,,,,,2.000,49.000,491.000,,,,,,,,,,,,,,,38.260,39.910,38.620,2854700.000,-0.032323,,,281544.000,1.000,1.000,39.910,,-0.032323,0.004,0.004,0.002,0.002,0.005
83981,2001/02/02,,11,1,4931,13134710,CPN,CALPINE CORP,,,,N,A,R,31726,0,1,4911,13134710,,,,,,,,,49.000,491.000,,,,,,,,,,,,,,,39.750,41.990,40.680,4645300.000,0.053340,,,281544.000,1.000,1.000,40.100,,0.053340,-0.019,-0.019,-0.009,-0.009,-0.017
83981,2001/02/05,,11,1,4931,13134710,CPN,CALPINE CORP,,,,N,A,R,31726,0,1,4911,13134710,,,,,,,,,49.000,491.000,,,,,,,,,,,,,,,39.600,41.240,40.010,2397900.000,-0.016470,,,281544.000,1.000,1.000,41.200,,-0.016470,0.002,0.002,-0.004,-0.004,0.004
83981,2001/02/06,,11,1,4931,13134710,CPN,CALPINE CORP,,,,N,A,R,31726,0,1,4911,13134710,,,,,,,,,49.000,491.000,,,,,,,,,,,,,,,39.500,41.300,39.630,2483700.000,-0.009498,,,281544.000,1.000,1.000,40.000,,-0.009498,0.000,0.000,0.002,0.002,-0.002
83981,2001/02/07,,11,1,4931,13134710,CPN,CALPINE CORP,,,,N,A,R,31726,0,1,4911,13134710,,,,,,,,,49.000,491.000,,,,,,,,,,,,,,,40.490,42.500,42.070,4683500.000,0.061569,,,281544.000,1.000,1.000,40.490,,0.061569,-0.009,-0.009,-0.004,-0.004,-0.008
83981,2001/02/08,,11,1,4931,13134710,CPN,CALPINE CORP,,,,N,A,R,31726,0,1,4911,13134710,,,,,,,,,49.000,491.000,,,,,,,,,,,,,,,43.000,45.580,45.500,9289500.000,0.081531,,,281544.000,1.000,1.000,43.000,,0.081531,-0.006,-0.007,-0.003,-0.003,-0.006
83981,2001/02/09,,11,1,4931,13134710,CPN,CALPINE CORP,,,,N,A,R,31726,0,1,4911,13134710,,,,,,,,,49.000,491.000,,,,,,,,,,,,,,,45.340,48.000,47.540,7684100.000,0.044835,,,281544.000,1.000,1.000,45.600,,0.044835,-0.014,-0.014,-0.009,-0.009,-0.013
83981,2001/02/12,,11,1,4931,13134710,CPN,CALPINE CORP,,,,N,A,R,31726,0,1,4911,13134710,,,,,,,,,49.000,491.000,,,,,,,,,,,,,,,44.600,48.800,45.400,5011600.000,-0.045015,,,281544.000,1.000,1.000,48.800,,-0.045015,0.010,0.010,0.005,0.005,0.012
83981,2001/02/13,,11,1,4931,13134710,CPN,CALPINE CORP,,,,N,A,R,31726,0,1,4911,13134710,,,,,,,,,49.000,491.000,,,,,,,,,,,,,,,44.560,46.750,45.620,2612100.000,0.004846,,,281544.000,1.000,1.000,46.750,,0.004846,-0.009,-0.009,-0.003,-0.004,-0.009
83981,2001/02/14,,11,1,4931,13134710,CPN,CALPINE CORP,,,,N,A,R,31726,0,1,4911,13134710,,,,,,,,,49.000,491.000,,,,,,,,,,,,,,,44.390,47.000,47.000,3032700.000,0.030250,,,281544.000,1.000,1.000,46.100,,0.030250,-0.000,-0.000,-0.000,-0.001,-0.002
83981,2001/02/15,,11,1,4931,13134710,CPN,CALPINE CORP,,,,N,A,R,31726,0,1,4911,13134710,,,,,,,,,49.000,491.000,,,,,,,,,,,,,,,45.400,46.800,45.990,2448300.000,-0.021489,,,281544.000,1.000,1.000,46.600,,-0.021489,0.009,0.009,0.009,0.009,0.008
83981,2001/02/16,,11,1,4931,13134710,CPN,CALPINE CORP,,,,N,A,R,31726,0,1,4911,13134710,,,,,,,,,49.000,491.000,,,,,,,,,,,,,,,45.750,47.490,47.240,2195500.000,0.027180,,,281544.000,1.000,1.000,46.240,,0.027180,-0.021,-0.021,-0.014,-0.014,-0.019
83981,2001/02/20,,11,1,4931,13134710,CPN,CALPINE CORP,,,,N,A,R,31726,0,1,4911,13134710,,,,,,,,,49.000,491.000,,,,,,,,,,,,,,,45.200,47.150,45.700,1727400.000,-0.032600,,,281544.000,1.000,1.000,47.000,,-0.032600,-0.019,-0.019,-0.012,-0.012,-0.017
83981,2001/02/21,,11,1,4931,13134710,CPN,CALPINE CORP,,,,N,A,R,31726,0,1,4911,13134710,,,,,,,,,49.000,491.000,,,,,,,,,,,,,,,44.000,45.950,44.240,1928400.000,-0.031947,,,281544.000,1.000,1.000,45.700,,-0.031947,-0.018,-0.018,-0.016,-0.016,-0.019
83981,2001/02/22,,11,1,4931,13134710,CPN,CALPINE CORP,,,,N,A,R,31726,0,1,4911,13134710,,,,,,,,,49.000,491.000,,,,,,,,,,,,,,,42.840,44.130,43.720,2670800.000,-0.011754,,,281544.000,1.000,1.000,43.000,,-0.011754,-0.005,-0.005,-0.011,-0.011,-0.002
83981,2001/02/23,,11,1,4931,13134710,CPN,CALPINE CORP,,,,N,A,R,31726,0,1,4911,13134710,,,,,,,,,49.000,491.000,,,,,,,,,,,,,,,41.650,43.860,43.500,2831600.000,-0.005032,,,281544.000,1.000,1.000,43.800,,-0.005032,-0.004,-0.004,-0.003,-0.003,-0.006
83981,2001/02/26,,11,1,4931,13134710,CPN,CALPINE CORP,,,,N,A,R,31726,0,1,4911,13134710,,,,,,,,,49.000,491.000,,,,,,,,,,,,,,,44.000,46.750,46.370,3952100.000,0.065977,,,281544.000,1.000,1.000,45.700,,0.065977,0.019,0.019,0.016,0.016,0.017
83981,2001/02/27,,11,1,4931,13134710,CPN,CALPINE CORP,,,,N,A,R,31726,0,1,4911,13134710,,,,,,,,,49.000,491.000,,,,,,,,,,,,,,,45.520,46.910,46.780,2143000.000,0.008842,,,281544.000,1.000,1.000,46.370,,0.008842,-0.012,-0.012,-0.012,-0.012,-0.008
83981,2001/02/28,,11,1,4931,13134710,CPN,CALPINE CORP,,,,N,A,R,31726,0,1,4911,13134710,,,,,,,,0.000,49.000,491.000,,,,,,,,,,,,,,,42.000,46.780,44.490,2743300.000,-0.048952,,,281544.000,1.000,1.000,46.780,,-0.048952,-0.014,-0.014,-0.008,-0.008,-0.014
83981,2001/03/01,,11,1,4931,13134710,CPN,CALPINE CORP,,,,N,A,R,31726,0,1,4911,13134710,,,,,,,,,49.000,491.000,,,,,,,,,,,,,,,43.600,45.080,44.550,3682500.000,0.001349,,,281544.000,1.000,1.000,44.000,,0.001349,0.000,0.000,-0.006,-0.006,0.001
83981,2001/03/02,,11,1,4931,13134710,CPN,CALPINE CORP,,,,N,A,R,31726,0,1,4911,13134710,,,,,,,,,49.000,491.000,,,,,,,,,,,,,,,44.030,45.040,44.460,1538700.000,-0.002020,,,281544.000,1.000,1.000,44.740,,-0.002020,-0.005,-0.005,0.005,0.005,-0.006
83981,2001/03/05,,11,1,4931,13134710,CPN,CALPINE CORP,,,,N,A,R,31726,0,1,4911,13134710,,,,,,,,,49.000,491.000,,,,,,,,,,,,,,,43.900,45.490,43.990,1661700.000,-0.010571,,,281544.000,1.000,1.000,45.250,,-0.010571,0.005,0.005,0.002,0.002,0.006
83981,2001/03/06,,11,1,4931,13134710,CPN,CALPINE CORP,,,,N,A,R,31726,0,1,4911,13134710,,,,,,,,,49.000,491.000,,,,,,,,,,,,,,,44.500,46.500,46.200,2538200.000,0.050239,,,281544.000,1.000,1.000,45.000,,0.050239,0.011,0.011,0.010,0.010,0.010
83981,2001/03/07,,11,1,4931,13134710,CPN,CALPINE CORP,,,,N,A,R,31726,0,1,4911,13134710,,,,,,,,,49.000,491.000,,,,,,,,,,,,,,,46.460,48.890,48.820,3549000.000,0.056710,,,281544.000,1.000,1.000,46.700,,0.056710,0.006,0.006,0.006,0.005,0.006
83981,2001/03/08,,11,1,4931,13134710,CPN,CALPINE CORP,,,,N,A,R,31726,0,1,4911,13134710,,,,,,,,,49.000,491.000,,,,,,,,,,,,,,,48.510,50.000,49.050,2986000.000,0.004711,,,281544.000,1.000,1.000,48.750,,0.004711,-0.001,-0.001,-0.004,-0.004,0.002
83981,2001/03/09,,11,1,4931,13134710,CPN,CALPINE CORP,,,,N,A,R,31726,0,1,4911,13134710,,,,,,,,,49.000,491.000,,,,,,,,,,,,,,,47.760,49.480,48.150,1697500.000,-0.018349,,,281544.000,1.000,1.000,49.000,,-0.018349,-0.024,-0.024,-0.015,-0.015,-0.025
83981,2001/03/12,,11,1,4931,13134710,CPN,CALPINE CORP,,,,N,A,R,31726,0,1,4911,13134710,,,,,,,,,49.000,491.000,,,,,,,,,,,,,,,46.500,48.770,47.040,2483500.000,-0.023053,,,281544.000,1.000,1.000,47.450,,-0.023053,-0.042,-0.042,-0.031,-0.031,-0.043
83981,2001/03/13,,11,1,4931,13134710,CPN,CALPINE CORP,,,,N,A,R,31726,0,1,4911,13134710,,,,,,,,,49.000,491.000,,,,,,,,,,,,,,,44.700,47.300,45.920,3456200.000,-0.023810,,,281544.000,1.000,1.000,47.050,,-0.023810,0.015,0.015,0.005,0.005,0.015
83981,2001/03/14,,11,1,4931,13134710,CPN,CALPINE CORP,,,,N,A,R,31726,0,1,4911,13134710,,,,,,,,,49.000,491.000,,,,,,,,,,,,,,,44.240,45.400,44.700,2400900.000,-0.026568,,,281544.000,1.000,1.000,44.250,,-0.026568,-0.025,-0.025,-0.018,-0.018,-0.026
83981,2001/03/15,,11,1,4931,13134710,CPN,CALPINE CORP,,,,N,A,R,31726,0,1,4911,13134710,,,,,,,,,49.000,491.000,,,,,,,,,,,,,,,46.540,48.750,48.520,3478100.000,0.085459,,,281544.000,1.000,1.000,47.400,,0.085459,0.003,0.003,-0.000,-0.000,0.006
83981,2001/03/16,,11,1,4931,13134710,CPN,CALPINE CORP,,,,N,A,R,31726,0,1,4911,13134710,,,,,,,,,49.000,491.000,,,,,,,,,,,,,,,46.700,49.240,47.180,3294300.000,-0.027617,,,281544.000,1.000,1.000,48.520,,-0.027617,-0.021,-0.021,-0.018,-0.018,-0.020
83981,2001/03/19,,11,1,4931,13134710,CPN,CALPINE CORP,,,,N,A,R,31726,0,1,4911,13134710,,,,,,,,,49.000,491.000,,,,,,,,,,,,,,,47.200,49.000,49.000,2661600.000,0.038576,,,281544.000,1.000,1.000,47.200,,0.038576,0.019,0.019,0.009,0.009,0.018
83981,2001/03/20,,11,1,4931,13134710,CPN,CALPINE CORP,,,,N,A,R,31726,0,1,4911,13134710,,,,,,,,,49.000,491.000,,,,,,,,,,,,,,,49.500,52.000,52.000,4547100.000,0.061224,,,281544.000,1.000,1.000,49.500,,0.061224,-0.023,-0.023,-0.008,-0.009,-0.024
83981,2001/03/21,,11,1,4931,13134710,CPN,CALPINE CORP,,,,N,A,R,31726,0,1,4911,13134710,,,,,,,,,49.000,491.000,,,,,,,,,,,,,,,47.850,52.750,48.590,7015400.000,-0.065577,,,281544.000,1.000,1.000,51.400,,-0.065577,-0.019,-0.019,-0.016,-0.016,-0.018
83981,2001/03/22,,11,1,4931,13134710,CPN,CALPINE CORP,,,,N,A,R,31726,0,1,4911,13134710,,,,,,,,,49.000,491.000,,,,,,,,,,,,,,,44.500,47.750,47.750,6493000.000,-0.017288,,,281544.000,1.000,1.000,47.050,,-0.017288,-0.004,-0.005,-0.011,-0.011,-0.004
83981,2001/03/23,,11,1,4931,13134710,CPN,CALPINE CORP,,,,N,A,R,31726,0,1,4911,13134710,,,,,,,,,49.000,491.000,,,,,,,,,,,,,,,46.190,49.300,48.880,3394500.000,0.023665,,,281544.000,1.000,1.000,48.000,,0.023665,0.020,0.020,0.021,0.021,0.020
83981,2001/03/26,,11,1,4931,13134710,CPN,CALPINE CORP,,,,N,A,R,31726,0,1,4911,13134710,,,,,,,,,49.000,491.000,,,,,,,,,,,,,,,50.400,51.950,51.400,3433300.000,0.051555,,,281544.000,1.000,1.000,51.000,,0.051555,0.011,0.011,0.007,0.007,0.011
83981,2001/03/27,,11,1,4931,13134710,CPN,CALPINE CORP,,,,N,A,R,31726,0,1,4911,13134710,,,,,,,,,49.000,491.000,,,,,,,,,,,,,,,50.940,53.190,52.730,3353800.000,0.025875,,,281544.000,1.000,1.000,51.520,,0.025875,0.023,0.023,0.009,0.009,0.026
83981,2001/03/28,,11,1,4931,13134710,CPN,CALPINE CORP,,,,N,A,R,31726,0,1,4911,13134710,,,,,,,,,49.000,491.000,,,,,,,,,,,,,,,52.250,53.840,52.880,4541800.000,0.002845,,,281544.000,1.000,1.000,52.730,,0.002845,-0.026,-0.026,-0.018,-0.018,-0.024
83981,2001/03/29,,11,1,4931,13134710,CPN,CALPINE CORP,,,,N,A,R,31726,0,1,4911,13134710,,,,,,,,,49.000,491.000,,,,,,,,,,,,,,,50.270,56.410,55.920,7260300.000,0.057489,,,281544.000,1.000,1.000,51.700,,0.057489,-0.005,-0.005,-0.007,-0.007,-0.005
83981,2001/03/30,,11,1,4931,13134710,CPN,CALPINE CORP,,,,N,A,R,31726,0,1,4911,13134710,,,,,,,,0.000,49.000,491.000,,,,,,,,,,,,,,,54.760,58.040,55.070,8013600.000,-0.015200,,,284794.000,1.000,1.000,57.600,,-0.015200,0.012,0.012,0.016,0.016,0.011
83981,2001/04/02,,11,1,4931,13134710,CPN,CALPINE CORP,,,,N,A,R,31726,0,1,4911,13134710,,,,,,,,,49.000,491.000,,,,,,,,,,,,,,,53.770,56.250,54.030,3586400.000,-0.018885,,,284794.000,1.000,1.000,55.450,,-0.018885,-0.016,-0.016,-0.021,-0.021,-0.012
83981,2001/04/03,,11,1,4931,13134710,CPN,CALPINE CORP,,,,N,A,R,31726,0,1,4911,13134710,,,,,,,,,49.000,491.000,,,,,,,,,,,,,,,52.110,54.030,52.710,3683400.000,-0.024431,,,284794.000,1.000,1.000,54.020,,-0.024431,-0.036,-0.036,-0.034,-0.034,-0.034
83981,2001/04/04,,11,1,4931,13134710,CPN,CALPINE CORP,,,,N,A,R,31726,0,1,4911,13134710,,,,,,,,,49.000,491.000,,,,,,,,,,,,,,,50.300,52.600,50.310,3564900.000,-0.045532,,,284794.000,1.000,1.000,52.500,,-0.045532,-0.003,-0.003,-0.008,-0.008,-0.003
83981,2001/04/05,,11,1,4931,13134710,CPN,CALPINE CORP,,,,N,A,R,31726,0,1,4911,13134710,,,,,,,,,49.000,491.000,,,,,,,,,,,,,,,49.000,51.350,50.660,4602500.000,0.006957,,,284794.000,1.000,1.000,51.350,,0.006957,0.046,0.046,0.039,0.039,0.044
83981,2001/04/06,,11,1,4931,13134710,CPN,CALPINE CORP,,,,N,A,R,31726,0,1,4911,13134710,,,,,,,,,49.000,491.000,,,,,,,,,,,,,,,45.000,53.390,47.000,12355700.000,-0.072246,47.060,47.500,284794.000,1.000,1.000,50.660,,-0.072246,-0.020,-0.020,-0.013,-0.013,-0.020
83981,2001/04/09,,11,1,4931,13134710,CPN,CALPINE CORP,,,,N,A,R,31726,0,1,4911,13134710,,,,,,,,,49.000,491.000,,,,,,,,,,,,,,,46.250,49.180,48.200,6255900.000,0.025532,,,284794.000,1.000,1.000,46.250,,0.025532,0.009,0.009,0.006,0.006,0.008
83981,2001/04/10,,11,1,4931,13134710,CPN,CALPINE CORP,,,,N,A,R,31726,0,1,4911,13134710,,,,,,,,,49.000,491.000,,,,,,,,,,,,,,,49.950,52.700,51.880,6026900.000,0.076349,,,284794.000,1.000,1.000,50.400,,0.076349,0.029,0.029,0.023,0.023,0.027
83981,2001/04/11,,11,1,4931,13134710,CPN,CALPINE CORP,,,,N,A,R,31726,0,1,4911,13134710,,,,,,,,,49.000,491.000,,,,,,,,,,,,,,,51.000,52.800,51.310,3250900.000,-0.010987,,,284794.000,1.000,1.000,52.800,,-0.010987,-0.001,-0.001,0.007,0.007,-0.002
83981,2001/04/12,,11,1,4931,13134710,CPN,CALPINE CORP,,,,N,A,R,31726,0,1,4911,13134710,,,,,,,,,49.000,491.000,,,,,,,,,,,,,,,50.140,51.380,51.250,2575700.000,-0.001169,,,284794.000,1.000,1.000,50.800,,-0.001169,0.016,0.016,0.015,0.015,0.015
83981,2001/04/16,,11,1,4931,13134710,CPN,CALPINE CORP,,,,N,A,R,31726,0,1,4911,13134710,,,,,,,,,49.000,491.000,,,,,,,,,,,,,,,51.380,53.500,53.260,3059800.000,0.039219,,,284794.000,1.000,1.000,51.800,,0.039219,-0.005,-0.005,-0.004,-0.004,-0.003
83981,2001/04/17,,11,1,4931,13134710,CPN,CALPINE CORP,,,,N,A,R,31726,0,1,4911,13134710,,,,,,,,,49.000,491.000,,,,,,,,,,,,,,,53.250,55.260,54.560,3536600.000,0.024409,,,284794.000,1.000,1.000,53.260,,0.024409,0.010,0.010,0.005,0.005,0.010
83981,2001/04/18,,11,1,4931,13134710,CPN,CALPINE CORP,,,,N,A,R,31726,0,1,4911,13134710,,,,,,,,,49.000,491.000,,,,,,,,,,,,,,,54.000,55.650,54.500,4873800.000,-0.001100,,,284794.000,1.000,1.000,55.650,,-0.001100,0.040,0.040,0.029,0.029,0.039
83981,2001/04/19,,11,1,4931,13134710,CPN,CALPINE CORP,,,,N,A,R,31726,0,1,4911,13134710,,,,,,,,,49.000,491.000,,,,,,,,,,,,,,,51.950,54.800,52.200,3676400.000,-0.042202,52.000,52.490,284794.000,1.000,1.000,54.450,,-0.042202,0.015,0.015,0.016,0.016,0.013
83981,2001/04/20,,11,1,4931,13134710,CPN,CALPINE CORP,,,,N,A,R,31726,0,1,4911,13134710,,,,,,,,,49.000,491.000,,,,,,,,,,,,,,,50.150,53.170,51.890,4113400.000,-0.005939,,,284794.000,1.000,1.000,51.620,,-0.005939,-0.008,-0.008,0.001,0.001,-0.009
83981,2001/04/23,,11,1,4931,13134710,CPN,CALPINE CORP,,,,N,A,R,31726,0,1,4911,13134710,,,,,,,,,49.000,491.000,,,,,,,,,,,,,,,52.900,54.440,54.190,3078600.000,0.044325,,,284794.000,1.000,1.000,53.000,,0.044325,-0.017,-0.017,-0.008,-0.008,-0.015
83981,2001/04/24,,11,1,4931,13134710,CPN,CALPINE CORP,,,,N,A,R,31726,0,1,4911,13134710,,,,,,,,,49.000,491.000,,,,,,,,,,,,,,,54.830,56.390,55.000,4206000.000,0.014947,,,284794.000,1.000,1.000,55.000,,0.014947,-0.011,-0.011,0.002,0.002,-0.012
83981,2001/04/25,,11,1,4931,13134710,CPN,CALPINE CORP,,,,N,A,R,31726,0,1,4911,13134710,,,,,,,,,49.000,491.000,,,,,,,,,,,,,,,51.490,54.370,53.600,10937300.000,-0.025455,53.000,54.150,284794.000,1.000,1.000,52.010,,-0.025455,0.016,0.016,0.012,0.011,0.016
83981,2001/04/26,,11,1,4931,13134710,CPN,CALPINE CORP,,,,N,A,R,31726,0,1,4911,13134710,,,,,,,,,49.000,491.000,,,,,,,,,,,,,,,54.000,56.750,54.990,6170400.000,0.025933,,,284794.000,1.000,1.000,54.000,,0.025933,0.005,0.005,0.008,0.007,0.005
83981,2001/04/27,,11,1,4931,13134710,CPN,CALPINE CORP,,,,N,A,R,31726,0,1,4911,13134710,,,,,,,,,49.000,491.000,,,,,,,,,,,,,,,54.520,56.300,55.000,3459300.000,0.000182,,,284794.000,1.000,1.000,55.300,,0.000182,0.014,0.014,0.011,0.011,0.015
83981,2001/04/30,,11,1,4931,13134710,CPN,CALPINE CORP,,,,N,A,R,31726,0,1,4911,13134710,,,,,,,,0.000,49.000,491.000,,,,,,,,,,,,,,,55.400,57.300,56.990,4028500.000,0.036182,,,285075.000,1.000,1.000,55.500,,0.036182,0.001,0.001,0.010,0.010,-0.003
83981,2001/05/01,,11,1,4931,13134710,CPN,CALPINE CORP,,,,N,A,R,31726,0,1,4911,13134710,,,,,,,,,49.000,491.000,,,,,,,,,,,,,,,56.510,57.350,56.920,2937000.000,-0.001228,,,285075.000,1.000,1.000,56.550,,-0.001228,0.013,0.013,0.010,0.010,0.014
83981,2001/05/02,,11,1,4931,13134710,CPN,CALPINE CORP,,,,N,A,R,31726,0,1,4911,13134710,,,,,,,,,49.000,491.000,,,,,,,,,,,,,,,55.000,56.500,55.960,3763600.000,-0.016866,,,285075.000,1.000,1.000,56.410,,-0.016866,0.003,0.003,0.012,0.012,0.001
83981,2001/05/03,,11,1,4931,13134710,CPN,CALPINE CORP,,,,N,A,R,31726,0,1,4911,13134710,,,,,,,,,49.000,491.000,,,,,,,,,,,,,,,54.010,55.250,54.610,3389600.000,-0.024124,,,285075.000,1.000,1.000,55.000,,-0.024124,-0.015,-0.015,-0.005,-0.006,-0.015
83981,2001/05/04,,11,1,4931,13134710,CPN,CALPINE CORP,,,,N,A,R,31726,0,1,4911,13134710,,,,,,,,,49.000,491.000,,,,,,,,,,,,,,,53.850,54.950,54.100,3722500.000,-0.009339,,,285075.000,1.000,1.000,54.500,,-0.009339,0.014,0.014,0.011,0.011,0.014
83981,2001/05/07,,11,1,4931,13134710,CPN,CALPINE CORP,,,,N,A,R,31726,0,1,4911,13134710,,,,,,,,,49.000,491.000,,,,,,,,,,,,,,,52.260,54.250,52.540,2334200.000,-0.028835,,,285075.000,1.000,1.000,54.100,,-0.028835,-0.003,-0.003,0.001,0.001,-0.002
83981,2001/05/08,,11,1,4931,13134710,CPN,CALPINE CORP,,,,N,A,R,31726,0,1,4911,13134710,,,,,,,,,49.000,491.000,,,,,,,,,,,,,,,50.250,51.750,50.900,6536700.000,-0.031214,,,285075.000,1.000,1.000,51.750,,-0.031214,-0.001,-0.001,0.005,0.005,-0.002
83981,2001/05/09,,11,1,4931,13134710,CPN,CALPINE CORP,,,,N,A,R,31726,0,1,4911,13134710,,,,,,,,,49.000,491.000,,,,,,,,,,,,,,,50.910,53.400,53.190,4296700.000,0.044990,53.250,54.000,285075.000,1.000,1.000,50.910,,0.044990,-0.004,-0.004,0.001,0.001,-0.004
83981,2001/05/10,,11,1,4931,13134710,CPN,CALPINE CORP,,,,N,A,R,31726,0,1,4911,13134710,,,,,,,,,49.000,491.000,,,,,,,,,,,,,,,52.050,54.100,52.300,2768800.000,-0.016732,,,285075.000,1.000,1.000,54.100,,-0.016732,-0.000,-0.001,0.003,0.003,-0.000
83981,2001/05/11,,11,1,4931,13134710,CPN,CALPINE CORP,,,,N,A,R,31726,0,1,4911,13134710,,,,,,,,,49.000,491.000,,,,,,,,,,,,,,,51.810,53.100,52.550,1961800.000,0.004780,,,285075.000,1.000,1.000,52.900,,0.004780,-0.008,-0.008,-0.002,-0.002,-0.008
83981,2001/05/14,,11,1,4931,13134710,CPN,CALPINE CORP,,,,N,A,R,31726,0,1,4911,13134710,,,,,,,,,49.000,491.000,,,,,,,,,,,,,,,51.120,52.730,51.560,2435300.000,-0.018839,,,285075.000,1.000,1.000,52.550,,-0.018839,0.001,0.001,-0.003,-0.003,0.003
83981,2001/05/15,,11,1,4931,13134710,CPN,CALPINE CORP,,,,N,A,R,31726,0,1,4911,13134710,,,,,,,,,49.000,491.000,,,,,,,,,,,,,,,50.250,51.850,50.680,3695600.000,-0.017068,,,285075.000,1.000,1.000,51.800,,-0.017068,0.001,0.001,0.004,0.004,0.000
83981,2001/05/16,,11,1,4931,13134710,CPN,CALPINE CORP,,,,N,A,R,31726,0,1,4911,13134710,,,,,,,,,49.000,491.000,,,,,,,,,,,,,,,50.700,53.000,52.850,3474900.000,0.042818,,,285075.000,1.000,1.000,50.950,,0.042818,0.027,0.027,0.010,0.010,0.028
83981,2001/05/17,,11,1,4931,13134710,CPN,CALPINE CORP,,,,N,A,R,31726,0,1,4911,13134710,,,,,,,,,49.000,491.000,,,,,,,,,,,,,,,52.530,53.800,53.030,3573200.000,0.003406,,,285075.000,1.000,1.000,53.000,,0.003406,0.006,0.006,0.011,0.010,0.003
83981,2001/05/18,,11,1,4931,13134710,CPN,CALPINE CORP,,,,N,A,R,31726,0,1,4911,13134710,,,,,,,,,49.000,491.000,,,,,,,,,,,,,,,53.300,54.990,54.650,3996200.000,0.030549,,,285075.000,1.000,1.000,53.450,,0.030549,0.003,0.003,0.005,0.005,0.003
83981,2001/05/21,,11,1,4931,13134710,CPN,CALPINE CORP,,,,N,A,R,31726,0,1,4911,13134710,,,,,,,,,49.000,491.000,,,,,,,,,,,,,,,54.270,55.450,55.120,2111500.000,0.008600,55.000,55.220,285075.000,1.000,1.000,54.950,,0.008600,0.019,0.019,0.016,0.016,0.016
83981,2001/05/22,,11,1,4931,13134710,CPN,CALPINE CORP,,,,N,A,R,31726,0,1,4911,13134710,,,,,,,,,49.000,491.000,,,,,,,,,,,,,,,53.750,55.890,54.070,2598100.000,-0.019049,53.910,54.160,285075.000,1.000,1.000,55.700,,-0.019049,-0.002,-0.002,0.007,0.007,-0.003
83981,2001/05/23,,11,1,4931,13134710,CPN,CALPINE CORP,,,,N,A,R,31726,0,1,4911,13134710,,,,,,,,,49.000,491.000,,,,,,,,,,,,,,,52.650,54.160,53.200,2351600.000,-0.016090,53.250,53.340,285075.000,1.000,1.000,54.160,,-0.016090,-0.017,-0.017,-0.007,-0.007,-0.016
83981,2001/05/24,,11,1,4931,13134710,CPN,CALPINE CORP,,,,N,A,R,31726,0,1,4911,13134710,,,,,,,,,49.000,491.000,,,,,,,,,,,,,,,51.300,53.350,51.650,2305400.000,-0.029135,51.600,51.760,285075.000,1.000,1.000,53.350,,-0.029135,0.004,0.004,0.006,0.005,0.003
83981,2001/05/25,,11,1,4931,13134710,CPN,CALPINE CORP,,,,N,A,R,31726,0,1,4911,13134710,,,,,,,,,49.000,491.000,,,,,,,,,,,,,,,48.490,51.080,49.000,6565900.000,-0.051307,48.850,49.100,285075.000,1.000,1.000,51.000,,-0.051307,-0.010,-0.010,0.003,0.003,-0.012
83981,2001/05/29,,11,1,4931,13134710,CPN,CALPINE CORP,,,,N,A,R,31726,0,1,4911,13134710,,,,,,,,,49.000,491.000,,,,,,,,,,,,,,,46.200,49.020,48.810,7204500.000,-0.003878,48.700,48.920,285075.000,1.000,1.000,49.000,,-0.003878,-0.010,-0.010,-0.008,-0.008,-0.008
83981,2001/05/30,,11,1,4931,13134710,CPN,CALPINE CORP,,,,N,A,R,31726,0,1,4911,13134710,,,,,,,,,49.000,491.000,,,,,,,,,,,,,,,47.500,50.350,47.790,4663400.000,-0.020897,47.750,47.790,285075.000,1.000,1.000,49.040,,-0.020897,-0.018,-0.018,-0.016,-0.016,-0.016
83981,2001/05/31,,11,1,4931,13134710,CPN,CALPINE CORP,,,,N,A,R,31726,0,1,4911,13134710,,,,,,,,0.000,49.000,491.000,,,,,,,,,,,,,,,48.200,49.560,49.300,5150500.000,0.031597,49.200,49.490,298652.000,1.000,1.000,48.200,,0.031597,0.008,0.008,0.007,0.007,0.006
83981,2001/06/01,,11,1,4931,13134710,CPN,CALPINE CORP,,,,N,A,R,31726,0,1,4911,13134710,,,,,,,,,49.000,491.000,,,,,,,,,,,,,,,47.300,49.140,48.890,4609600.000,-0.008316,48.770,48.990,298652.000,1.000,1.000,48.600,,-0.008316,0.005,0.005,0.006,0.006,0.004
83981,2001/06/04,,11,1,4931,13134710,CPN,CALPINE CORP,,,,N,A,R,31726,0,1,4911,13134710,,,,,,,,,49.000,491.000,,,,,,,,,,,,,,,45.700,48.750,45.750,6027900.000,-0.064226,45.630,45.860,298652.000,1.000,1.000,48.700,,-0.064226,0.005,0.005,0.005,0.005,0.005
83981,2001/06/05,,11,1,4931,13134710,CPN,CALPINE CORP,,,,N,A,R,31726,0,1,4911,13134710,,,,,,,,,49.000,491.000,,,,,,,,,,,,,,,42.250,46.370,43.300,15961200.000,-0.053552,43.180,43.410,298652.000,1.000,1.000,46.000,,-0.053552,0.014,0.014,0.012,0.012,0.013
83981,2001/06/06,,11,1,4931,13134710,CPN,CALPINE CORP,,,,N,A,R,31726,0,1,4911,13134710,,,,,,,,,49.000,491.000,,,,,,,,,,,,,,,42.090,44.180,43.760,10942000.000,0.010624,43.640,43.870,298652.000,1.000,1.000,42.100,,0.010624,-0.009,-0.010,-0.003,-0.003,-0.011
83981,2001/06/07,,11,1,4931,13134710,CPN,CALPINE CORP,,,,N,A,R,31726,0,1,4911,13134710,,,,,,,,,49.000,491.000,,,,,,,,,,,,,,,44.150,45.310,45.310,6928000.000,0.035421,45.200,45.410,298652.000,1.000,1.000,44.240,,0.035421,0.005,0.005,0.005,0.005,0.005
83981,2001/06/08,,11,1,4931,13134710,CPN,CALPINE CORP,,,,N,A,R,31726,0,1,4911,13134710,,,,,,,,,49.000,491.000,,,,,,,,,,,,,,,44.750,45.800,45.800,2409700.000,0.010814,45.690,45.900,298652.000,1.000,1.000,45.500,,0.010814,-0.010,-0.010,-0.002,-0.002,-0.009
83981,2001/06/11,,11,1,4931,13134710,CPN,CALPINE CORP,,,,N,A,R,31726,0,1,4911,13134710,,,,,,,,,49.000,491.000,,,,,,,,,,,,,,,45.970,47.170,46.720,4040200.000,0.020087,46.600,46.830,298652.000,1.000,1.000,46.000,,0.020087,-0.010,-0.010,-0.006,-0.006,-0.008
83981,2001/06/12,,11,1,4931,13134710,CPN,CALPINE CORP,,,,N,A,R,31726,0,1,4911,13134710,,,,,,,,,49.000,491.000,,,,,,,,,,,,,,,45.300,46.900,46.830,2643100.000,0.002354,46.710,46.930,298652.000,1.000,1.000,46.730,,0.002354,0.000,0.000,-0.001,-0.001,0.001
83981,2001/06/13,,11,1,4931,13134710,CPN,CALPINE CORP,,,,N,A,R,31726,0,1,4911,13134710,,,,,,,,,49.000,491.000,,,,,,,,,,,,,,,43.900,47.050,44.270,3612600.000,-0.054666,44.140,44.370,298652.000,1.000,1.000,46.600,,-0.054666,-0.010,-0.010,-0.002,-0.003,-0.011
83981,2001/06/14,,11,1,4931,13134710,CPN,CALPINE CORP,,,,N,A,R,31726,0,1,4911,13134710,,,,,,,,,49.000,491.000,,,,,,,,,,,,,,,42.500,43.750,42.860,4350000.000,-0.031850,42.700,42.950,298652.000,1.000,1.000,43.510,,-0.031850,-0.019,-0.019,-0.015,-0.015,-0.018
83981,2001/06/15,,11,1,4931,13134710,CPN,CALPINE CORP,,,,N,A,R,31726,0,1,4911,13134710,,,,,,,,,49.000,491.000,,,,,,,,,,,,,,,42.000,43.750,43.000,3783400.000,0.003266,42.540,43.100,298652.000,1.000,1.000,42.600,,0.003266,-0.005,-0.005,-0.005,-0.005,-0.005
83981,2001/06/18,,11,1,4931,13134710,CPN,CALPINE CORP,,,,N,A,R,31726,0,1,4911,13134710,,,,,,,,,49.000,491.000,,,,,,,,,,,,,,,41.500,43.750,42.210,2918900.000,-0.018372,42.070,42.310,298652.000,1.000,1.000,43.100,,-0.018372,-0.007,-0.007,-0.013,-0.013,-0.005
83981,2001/06/19,,11,1,4931,13134710,CPN,CALPINE CORP,,,,N,A,R,31726,0,1,4911,13134710,,,,,,,,,49.000,491.000,,,,,,,,,,,,,,,40.380,44.700,41.250,4746200.000,-0.022743,41.140,41.360,298652.000,1.000,1.000,44.000,,-0.022743,0.002,0.002,-0.006,-0.006,0.003
83981,2001/06/20,,11,1,4931,13134710,CPN,CALPINE CORP,,,,N,A,R,31726,0,1,4911,13134710,,,,,,,,,49.000,491.000,,,,,,,,,,,,,,,39.450,41.500,39.850,5999600.000,-0.033939,39.750,39.980,298652.000,1.000,1.000,41.000,,-0.033939,0.010,0.010,0.001,0.001,0.009
83981,2001/06/21,,11,1,4931,13134710,CPN,CALPINE CORP,,,,N,A,R,31726,0,1,4911,13134710,,,,,,,,,49.000,491.000,,,,,,,,,,,,,,,37.050,40.500,37.100,7889900.000,-0.069009,37.000,37.260,298652.000,1.000,1.000,39.850,,-0.069009,0.010,0.010,0.004,0.004,0.011
83981,2001/06/22,,11,1,4931,13134710,CPN,CALPINE CORP,,,,N,A,R,31726,0,1,4911,13134710,,,,,,,,,49.000,491.000,,,,,,,,,,,,,,,36.200,38.350,37.700,8629100.000,0.016173,37.590,37.810,298652.000,1.000,1.000,37.050,,0.016173,-0.009,-0.009,-0.002,-0.003,-0.009
83981,2001/06/25,,11,1,4931,13134710,CPN,CALPINE CORP,,,,N,A,R,31726,0,1,4911,13134710,,,,,,,,,49.000,491.000,,,,,,,,,,,,,,,38.500,39.870,38.970,5872300.000,0.033687,38.900,38.980,298652.000,1.000,1.000,39.250,,0.033687,-0.005,-0.005,-0.000,-0.000,-0.006
83981,2001/06/26,,11,1,4931,13134710,CPN,CALPINE CORP,,,,N,A,R,31726,0,1,4911,13134710,,,,,,,,,49.000,491.000,,,,,,,,,,,,,,,37.970,39.400,38.700,3663300.000,-0.006928,38.550,38.840,298652.000,1.000,1.000,38.970,,-0.006928,-0.000,-0.000,0.005,0.005,-0.002
83981,2001/06/27,,11,1,4931,13134710,CPN,CALPINE CORP,,,,N,A,R,31726,0,1,4911,13134710,,,,,,,,,49.000,491.000,,,,,,,,,,,,,,,37.300,38.760,38.070,3243900.000,-0.016279,38.070,38.080,298652.000,1.000,1.000,38.200,,-0.016279,-0.002,-0.002,0.004,0.004,-0.005
83981,2001/06/28,,11,1,4931,13134710,CPN,CALPINE CORP,,,,N,A,R,31726,0,1,4911,13134710,,,,,,,,,49.000,491.000,,,,,,,,,,,,,,,38.200,39.290,38.900,5826000.000,0.021802,38.790,39.000,298652.000,1.000,1.000,38.680,,0.021802,0.013,0.013,0.008,0.008,0.012
83981,2001/06/29,,11,1,4931,13134710,CPN,CALPINE CORP,,,,N,A,R,31726,0,1,4911,13134710,,,,,,,,0.000,49.000,491.000,,,,,,,,,,,,,,,37.000,39.700,37.800,5384200.000,-0.028278,37.700,37.950,298652.000,1.000,1.000,38.900,,-0.028278,0.004,0.004,0.019,0.019,-0.001
83981,2001/07/02,,11,1,4931,13134710,CPN,CALPINE CORP,,,,N,A,R,31726,0,1,4911,13134710,,,,,,,,,49.000,491.000,,,,,,,,,,,,,,,37.010,38.230,37.390,2580500.000,-0.010847,37.280,37.490,298652.000,1.000,1.000,37.800,,-0.010847,0.005,0.005,-0.006,-0.006,0.010
83981,2001/07/03,,11,1,4931,13134710,CPN,CALPINE CORP,,,,N,A,R,31726,0,1,4911,13134710,,,,,,,,,49.000,491.000,,,,,,,,,,,,,,,37.510,38.400,38.310,2113100.000,0.024606,38.190,38.410,298652.000,1.000,1.000,37.900,,0.024606,-0.002,-0.002,-0.000,-0.000,-0.002
83981,2001/07/05,,11,1,4931,13134710,CPN,CALPINE CORP,,,,N,A,R,31726,0,1,4911,13134710,,,,,,,,,49.000,491.000,,,,,,,,,,,,,,,36.810,38.310,37.360,4004000.000,-0.024798,37.250,37.460,298652.000,1.000,1.000,38.310,,-0.024798,-0.012,-0.012,-0.007,-0.007,-0.012
83981,2001/07/06,,11,1,4931,13134710,CPN,CALPINE CORP,,,,N,A,R,31726,0,1,4911,13134710,,,,,,,,,49.000,491.000,,,,,,,,,,,,,,,39.500,43.000,42.620,10530400.000,0.140792,42.490,42.720,298652.000,1.000,1.000,39.750,,0.140792,-0.022,-0.022,-0.012,-0.012,-0.023
83981,2001/07/09,,11,1,4931,13134710,CPN,CALPINE CORP,,,,N,A,R,31726,0,1,4911,13134710,,,,,,,,,49.000,491.000,,,,,,,,,,,,,,,42.800,44.940,43.950,6169500.000,0.031206,43.920,43.950,298652.000,1.000,1.000,44.300,,0.031206,0.006,0.006,0.002,0.002,0.007
83981,2001/07/10,,11,1,4931,13134710,CPN,CALPINE CORP,,,,N,A,R,31726,0,1,4911,13134710,,,,,,,,,49.000,491.000,,,,,,,,,,,,,,,44.050,45.600,45.340,5959200.000,0.031627,45.230,45.440,298652.000,1.000,1.000,44.050,,0.031627,-0.014,-0.014,-0.009,-0.009,-0.014
83981,2001/07/11,,11,1,4931,13134710,CPN,CALPINE CORP,,,,N,A,R,31726,0,1,4911,13134710,,,,,,,,,49.000,491.000,,,,,,,,,,,,,,,43.350,45.340,43.620,4350800.000,-0.037936,43.520,43.740,298652.000,1.000,1.000,45.340,,-0.037936,-0.002,-0.002,-0.005,-0.006,-0.001
83981,2001/07/12,,11,1,4931,13134710,CPN,CALPINE CORP,,,,N,A,R,31726,0,1,4911,13134710,,,,,,,,,49.000,491.000,,,,,,,,,,,,,,,42.800,46.000,44.590,4586000.000,0.022238,44.480,44.690,298652.000,1.000,1.000,44.000,,0.022238,0.024,0.024,0.015,0.015,0.024
83981,2001/07/13,,11,1,4931,13134710,CPN,CALPINE CORP,,,,N,A,R,31726,0,1,4911,13134710,,,,,,,,,49.000,491.000,,,,,,,,,,,,,,,44.200,45.200,44.530,2936600.000,-0.001346,44.420,44.630,298652.000,1.000,1.000,44.600,,-0.001346,0.005,0.005,0.004,0.004,0.006
83981,2001/07/16,,11,1,4931,13134710,CPN,CALPINE CORP,,,,N,A,R,31726,0,1,4911,13134710,,,,,,,,,49.000,491.000,,,,,,,,,,,,,,,43.400,45.290,43.750,2364800.000,-0.017516,43.630,43.850,298652.000,1.000,1.000,45.250,,-0.017516,-0.012,-0.012,-0.007,-0.007,-0.011
83981,2001/07/17,,11,1,4931,13134710,CPN,CALPINE CORP,,,,N,A,R,31726,0,1,4911,13134710,,,,,,,,,49.000,491.000,,,,,,,,,,,,,,,42.400,43.750,43.140,2810100.000,-0.013943,43.030,43.240,298652.000,1.000,1.000,43.740,,-0.013943,0.011,0.011,0.005,0.005,0.010
83981,2001/07/18,,11,1,4931,13134710,CPN,CALPINE CORP,,,,N,A,R,31726,0,1,4911,13134710,,,,,,,,,49.000,491.000,,,,,,,,,,,,,,,41.250,43.140,41.550,3033700.000,-0.036857,41.450,41.660,298652.000,1.000,1.000,43.140,,-0.036857,-0.007,-0.007,-0.008,-0.008,-0.006
83981,2001/07/19,,11,1,4931,13134710,CPN,CALPINE CORP,,,,N,A,R,31726,0,1,4911,13134710,,,,,,,,,49.000,491.000,,,,,,,,,,,,,,,39.980,42.000,40.530,4420400.000,-0.024549,40.420,40.630,298652.000,1.000,1.000,42.000,,-0.024549,0.005,0.005,0.005,0.005,0.006
83981,2001/07/20,,11,1,4931,13134710,CPN,CALPINE CORP,,,,N,A,R,31726,0,1,4911,13134710,,,,,,,,,49.000,491.000,,,,,,,,,,,,,,,39.650,41.070,39.660,3275400.000,-0.021466,39.660,39.660,298652.000,1.000,1.000,40.500,,-0.021466,-0.003,-0.003,0.000,0.000,-0.003
83981,2001/07/23,,11,1,4931,13134710,CPN,CALPINE CORP,,,,N,A,R,31726,0,1,4911,13134710,,,,,,,,,49.000,491.000,,,,,,,,,,,,,,,37.700,39.510,38.150,4602100.000,-0.038074,38.020,38.250,298652.000,1.000,1.000,39.510,,-0.038074,-0.015,-0.015,-0.006,-0.006,-0.016
83981,2001/07/24,,11,1,4931,13134710,CPN,CALPINE CORP,,,,N,A,R,31726,0,1,4911,13134710,,,,,,,,,49.000,491.000,,,,,,,,,,,,,,,32.500,37.350,33.900,16096100.000,-0.111402,33.790,34.000,298652.000,1.000,1.000,37.250,,-0.111402,-0.016,-0.016,-0.011,-0.012,-0.016
83981,2001/07/25,,11,1,4931,13134710,CPN,CALPINE CORP,,,,N,A,R,31726,0,1,4911,13134710,,,,,,,,,49.000,491.000,,,,,,,,,,,,,,,32.790,35.900,35.810,10529900.000,0.056342,35.780,35.800,298652.000,1.000,1.000,34.000,,0.056342,0.014,0.014,0.003,0.003,0.016
83981,2001/07/26,,11,1,4931,13134710,CPN,CALPINE CORP,,,,N,A,R,31726,0,1,4911,13134710,,,,,,,,,49.000,491.000,,,,,,,,,,,,,,,35.100,37.810,36.890,7640100.000,0.030159,36.790,37.000,298652.000,1.000,1.000,37.000,,0.030159,0.012,0.011,0.008,0.008,0.010
83981,2001/07/27,,11,1,4931,13134710,CPN,CALPINE CORP,,,,N,A,R,31726,0,1,4911,13134710,,,,,,,,,49.000,491.000,,,,,,,,,,,,,,,36.600,38.250,37.900,5011200.000,0.027379,37.690,37.900,298652.000,1.000,1.000,37.500,,0.027379,0.003,0.003,0.004,0.003,0.002
83981,2001/07/30,,11,1,4931,13134710,CPN,CALPINE CORP,,,,N,A,R,31726,0,1,4911,13134710,,,,,,,,,49.000,491.000,,,,,,,,,,,,,,,35.980,37.890,37.130,2752600.000,-0.020317,37.120,37.130,298652.000,1.000,1.000,37.800,,-0.020317,-0.001,-0.001,-0.001,-0.001,-0.001
83981,2001/07/31,,11,1,4931,13134710,CPN,CALPINE CORP,,,,N,A,R,31726,0,1,4911,13134710,,,,,,,,0.000,49.000,491.000,,,,,,,,,,,,,,,35.500,37.110,35.990,3493300.000,-0.030703,35.860,36.090,298652.000,1.000,1.000,37.000,,-0.030703,0.005,0.005,0.003,0.003,0.006
83981,2001/08/01,,11,1,4931,13134710,CPN,CALPINE CORP,,,,N,A,R,31726,0,1,4911,13134710,,,,,,,,,49.000,491.000,,,,,,,,,,,,,,,35.050,36.500,36.000,3172600.000,0.000278,35.890,36.100,298652.000,1.000,1.000,36.300,,0.000278,0.005,0.005,0.006,0.006,0.004
83981,2001/08/02,,11,1,4931,13134710,CPN,CALPINE CORP,,,,N,A,R,31726,0,1,4911,13134710,,,,,,,,,49.000,491.000,,,,,,,,,,,,,,,36.100,37.150,36.800,2591100.000,0.022222,36.690,36.950,298652.000,1.000,1.000,36.100,,0.022222,0.003,0.003,0.003,0.002,0.004
83981,2001/08/03,,11,1,4931,13134710,CPN,CALPINE CORP,,,,N,A,R,31726,0,1,4911,13134710,,,,,,,,,49.000,491.000,,,,,,,,,,,,,,,36.100,37.150,36.670,2086500.000,-0.003533,36.570,36.790,298652.000,1.000,1.000,37.000,,-0.003533,-0.005,-0.005,0.001,0.000,-0.005
83981,2001/08/06,,11,1,4931,13134710,CPN,CALPINE CORP,,,,N,A,R,31726,0,1,4911,13134710,,,,,,,,,49.000,491.000,,,,,,,,,,,,,,,34.260,35.800,34.790,3945800.000,-0.051268,34.660,34.750,298652.000,1.000,1.000,35.100,,-0.051268,-0.011,-0.011,-0.006,-0.006,-0.011
83981,2001/08/07,,11,1,4931,13134710,CPN,CALPINE CORP,,,,N,A,R,31726,0,1,4911,13134710,,,,,,,,,49.000,491.000,,,,,,,,,,,,,,,32.790,35.250,32.880,6107300.000,-0.054901,32.770,32.990,298652.000,1.000,1.000,35.180,,-0.054901,0.002,0.002,-0.000,-0.000,0.003
83981,2001/08/08,,11,1,4931,13134710,CPN,CALPINE CORP,,,,N,A,R,31726,0,1,4911,13134710,,,,,,,,,49.000,491.000,,,,,,,,,,,,,,,30.000,33.000,30.100,14730700.000,-0.084550,30.090,30.100,298652.000,1.000,1.000,33.000,,-0.084550,-0.017,-0.017,-0.010,-0.010,-0.017
83981,2001/08/09,,11,1,4931,13134710,CPN,CALPINE CORP,,,,N,A,R,31726,0,1,4911,13134710,,,,,,,,,49.000,491.000,,,,,,,,,,,,,,,30.050,31.470,31.150,8001700.000,0.034884,31.040,31.300,298652.000,1.000,1.000,31.250,,0.034884,-0.000,-0.000,-0.001,-0.001,-0.000
83981,2001/08/10,,11,1,4931,13134710,CPN,CALPINE CORP,,,,N,A,R,31726,0,1,4911,13134710,,,,,,,,,49.000,491.000,,,,,,,,,,,,,,,30.650,32.100,32.090,4267200.000,0.030177,31.900,32.200,298652.000,1.000,1.000,31.250,,0.030177,0.004,0.004,0.001,0.001,0.006
83981,2001/08/13,,11,1,4931,13134710,CPN,CALPINE CORP,,,,N,A,R,31726,0,1,4911,13134710,,,,,,,,,49.000,491.000,,,,,,,,,,,,,,,30.670,32.300,31.000,3794800.000,-0.033967,30.770,31.100,298652.000,1.000,1.000,32.150,,-0.033967,0.002,0.002,0.003,0.002,0.001
83981,2001/08/14,,11,1,4931,13134710,CPN,CALPINE CORP,,,,N,A,R,31726,0,1,4911,13134710,,,,,,,,,49.000,491.000,,,,,,,,,,,,,,,31.050,32.000,31.500,3724300.000,0.016129,31.300,31.600,298652.000,1.000,1.000,31.250,,0.016129,-0.002,-0.002,0.002,0.002,-0.004
83981,2001/08/15,,11,1,4931,13134710,CPN,CALPINE CORP,,,,N,A,R,31726,0,1,4911,13134710,,,,,,,,,49.000,491.000,,,,,,,,,,,,,,,30.790,31.750,31.000,4107700.000,-0.015873,30.810,31.160,298652.000,1.000,1.000,31.450,,-0.015873,-0.007,-0.007,-0.005,-0.005,-0.007
83981,2001/08/16,,11,1,4931,13134710,CPN,CALPINE CORP,,,,N,A,R,31726,0,1,4911,13134710,,,,,,,,,49.000,491.000,,,,,,,,,,,,,,,30.300,31.110,30.440,3441800.000,-0.018064,30.330,30.540,298652.000,1.000,1.000,31.000,,-0.018064,0.002,0.002,-0.002,-0.002,0.003
83981,2001/08/17,,11,1,4931,13134710,CPN,CALPINE CORP,,,,N,A,R,31726,0,1,4911,13134710,,,,,,,,,49.000,491.000,,,,,,,,,,,,,,,29.110,30.350,29.280,6346900.000,-0.038108,29.200,29.400,298652.000,1.000,1.000,30.190,,-0.038108,-0.016,-0.016,-0.007,-0.007,-0.017
83981,2001/08/20,,11,1,4931,13134710,CPN,CALPINE CORP,,,,N,A,R,31726,0,1,4911,13134710,,,,,,,,,49.000,491.000,,,,,,,,,,,,,,,27.800,29.600,28.270,6788900.000,-0.034495,28.170,28.380,298652.000,1.000,1.000,29.270,,-0.034495,0.007,0.007,-0.000,-0.000,0.008
83981,2001/08/21,,11,1,4931,13134710,CPN,CALPINE CORP,,,,N,A,R,31726,0,1,4911,13134710,,,,,,,,,49.000,491.000,,,,,,,,,,,,,,,29.030,31.090,29.900,7854500.000,0.057658,29.750,30.000,298652.000,1.000,1.000,29.390,,0.057658,-0.011,-0.011,-0.008,-0.008,-0.012
83981,2001/08/22,,11,1,4931,13134710,CPN,CALPINE CORP,,,,N,A,R,31726,0,1,4911,13134710,,,,,,,,,49.000,491.000,,,,,,,,,,,,,,,30.000,31.260,30.850,5736500.000,0.031773,30.700,30.950,298652.000,1.000,1.000,30.950,,0.031773,0.007,0.007,0.004,0.004,0.007
83981,2001/08/23,,11,1,4931,13134710,CPN,CALPINE CORP,,,,N,A,R,31726,0,1,4911,13134710,,,,,,,,,49.000,491.000,,,,,,,,,,,,,,,30.910,32.120,31.750,4900500.000,0.029173,31.730,31.880,298652.000,1.000,1.000,31.000,,0.029173,-0.003,-0.003,-0.004,-0.004,-0.003
83981,2001/08/24,,11,1,4931,13134710,CPN,CALPINE CORP,,,,N,A,R,31726,0,1,4911,13134710,,,,,,,,2.000,49.000,491.000,,,,,,,,,,,,,,,31.650,32.500,32.480,3632100.000,0.022992,32.480,32.540,298652.000,1.000,1.000,31.840,,0.022992,0.018,0.018,0.011,0.011,0.020
83981,2001/08/27,,11,1,4931,13134710,CPN,CALPINE CORP,,,,N,A,R,31726,0,1,4911,13134710,,,,,,,,,49.000,491.000,,,,,,,,,,,,,,,32.500,33.750,33.700,5865600.000,0.037562,33.630,33.750,298652.000,1.000,1.000,32.500,,0.037562,-0.004,-0.004,-0.002,-0.002,-0.005
83981,2001/08/28,,11,1,4931,13134710,CPN,CALPINE CORP,,,,N,A,R,31726,0,1,4911,13134710,,,,,,,,,49.000,491.000,,,,,,,,,,,,,,,32.840,34.830,33.250,5381200.000,-0.013353,33.150,33.270,298652.000,1.000,1.000,34.750,,-0.013353,-0.014,-0.014,-0.007,-0.007,-0.015
83981,2001/08/29,,11,1,4931,13134710,CPN,CALPINE CORP,,,,N,A,R,31726,0,1,4911,13134710,,,,,,,,,49.000,491.000,,,,,,,,,,,,,,,33.030,34.380,33.800,3671700.000,0.016541,33.700,33.910,298652.000,1.000,1.000,33.750,,0.016541,-0.010,-0.010,-0.003,-0.003,-0.011
83981,2001/08/30,,11,1,4931,13134710,CPN,CALPINE CORP,,,,N,A,R,31726,0,1,4911,13134710,,,,,,,,,49.000,491.000,,,,,,,,,,,,,,,32.620,34.000,32.910,2753000.000,-0.026331,32.750,33.010,298652.000,1.000,1.000,33.810,,-0.026331,-0.016,-0.016,-0.009,-0.009,-0.017
83981,2001/08/31,,11,1,4931,13134710,CPN,CALPINE CORP,,,,N,A,R,31726,0,1,4911,13134710,,,,,,,,0.000,49.000,491.000,,,,,,,,,,,,,,,32.340,33.300,33.020,2019500.000,0.003342,32.910,33.130,304986.000,1.000,1.000,32.910,,0.003342,0.004,0.004,0.006,0.006,0.004
83981,2001/09/04,,11,1,4931,13134710,CPN,CALPINE CORP,,,,N,A,R,31726,0,1,4911,13134710,,,,,,,,,49.000,491.000,,,,,,,,,,,,,,,32.600,34.200,32.630,2362500.000,-0.011811,32.640,32.750,304986.000,1.000,1.000,33.980,,-0.011811,-0.002,-0.002,-0.006,-0.006,-0.001
83981,2001/09/05,,11,1,4931,13134710,CPN,CALPINE CORP,,,,N,A,R,31726,0,1,4911,13134710,,,,,,,,,49.000,491.000,,,,,,,,,,,,,,,30.320,32.380,30.660,4745400.000,-0.060374,30.560,30.820,304986.000,1.000,1.000,32.380,,-0.060374,-0.003,-0.003,-0.009,-0.009,-0.001
83981,2001/09/06,,11,1,4931,13134710,CPN,CALPINE CORP,,,,N,A,R,31726,0,1,4911,13134710,,,,,,,,,49.000,491.000,,,,,,,,,,,,,,,28.810,30.950,29.690,3755900.000,-0.031637,29.580,29.790,304986.000,1.000,1.000,30.660,,-0.031637,-0.021,-0.021,-0.014,-0.014,-0.022
83981,2001/09/07,,11,1,4931,13134710,CPN,CALPINE CORP,,,,N,A,R,31726,0,1,4911,13134710,,,,,,,,,49.000,491.000,,,,,,,,,,,,,,,29.360,30.900,29.960,3458900.000,0.009094,29.860,30.070,304986.000,1.000,1.000,29.740,,0.009094,-0.018,-0.018,-0.012,-0.012,-0.019
83981,2001/09/10,,11,1,4931,13134710,CPN,CALPINE CORP,,,,N,A,R,31726,0,1,4911,13134710,,,,,,,,,49.000,491.000,,,,,,,,,,,,,,,28.800,30.250,29.050,3503000.000,-0.030374,28.940,29.160,304986.000,1.000,1.000,30.000,,-0.030374,0.004,0.004,-0.007,-0.007,0.006
83981,2001/09/17,,11,1,4931,13134710,CPN,CALPINE CORP,,,,N,A,R,31726,0,1,4911,13134710,,,,,,,,,49.000,491.000,,,,,,,,,,,,,,,27.000,28.700,27.070,3745800.000,-0.068158,26.960,27.180,304986.000,1.000,1.000,27.800,,-0.068158,-0.051,-0.051,-0.042,-0.043,-0.049
83981,2001/09/18,,11,1,4931,13134710,CPN,CALPINE CORP,,,,N,A,R,31726,0,1,4911,13134710,,,,,,,,,49.000,491.000,,,,,,,,,,,,,,,24.060,27.600,24.300,7508100.000,-0.102327,24.080,24.450,304986.000,1.000,1.000,27.000,,-0.102327,-0.008,-0.008,-0.010,-0.010,-0.006
83981,2001/09/19,,11,1,4931,13134710,CPN,CALPINE CORP,,,,N,A,R,31726,0,1,4911,13134710,,,,,,,,,49.000,491.000,,,,,,,,,,,,,,,21.650,25.250,24.500,10268100.000,0.008230,24.300,24.600,304986.000,1.000,1.000,25.250,,0.008230,-0.017,-0.017,-0.024,-0.024,-0.016
83981,2001/09/20,,11,1,4931,13134710,CPN,CALPINE CORP,,,,N,A,R,31726,0,1,4911,13134710,,,,,,,,,49.000,491.000,,,,,,,,,,,,,,,23.390,24.420,24.000,6067000.000,-0.020408,23.800,23.980,304986.000,1.000,1.000,23.750,,-0.020408,-0.031,-0.031,-0.033,-0.033,-0.031
83981,2001/09/21,,11,1,4931,13134710,CPN,CALPINE CORP,,,,N,A,R,31726,0,1,4911,13134710,,,,,,,,,49.000,491.000,,,,,,,,,,,,,,,22.250,24.960,22.750,6871700.000,-0.052083,22.650,22.860,304986.000,1.000,1.000,22.250,,-0.052083,-0.019,-0.019,-0.020,-0.020,-0.019
83981,2001/09/24,,11,1,4931,13134710,CPN,CALPINE CORP,,,,N,A,R,31726,0,1,4911,13134710,,,,,,,,,49.000,491.000,,,,,,,,,,,,,,,23.250,24.600,24.000,6048800.000,0.054945,23.890,24.100,304986.000,1.000,1.000,23.720,,0.054945,0.038,0.038,0.033,0.033,0.039
83981,2001/09/25,,11,1,4931,13134710,CPN,CALPINE CORP,,,,N,A,R,31726,0,1,4911,13134710,,,,,,,,,49.000,491.000,,,,,,,,,,,,,,,23.500,24.740,23.750,4694600.000,-0.010417,23.590,23.850,304986.000,1.000,1.000,24.600,,-0.010417,0.008,0.008,0.004,0.004,0.009
83981,2001/09/26,,11,1,4931,13134710,CPN,CALPINE CORP,,,,N,A,R,31726,0,1,4911,13134710,,,,,,,,,49.000,491.000,,,,,,,,,,,,,,,20.830,22.600,21.400,12319900.000,-0.098947,21.300,21.410,304986.000,1.000,1.000,22.600,,-0.098947,-0.006,-0.006,-0.010,-0.010,-0.005
83981,2001/09/27,,11,1,4931,13134710,CPN,CALPINE CORP,,,,N,A,R,31726,0,1,4911,13134710,,,,,,,,,49.000,491.000,,,,,,,,,,,,,,,18.900,21.750,19.750,11090300.000,-0.077103,19.630,19.860,304986.000,1.000,1.000,21.410,,-0.077103,0.011,0.011,-0.001,-0.001,0.011
83981,2001/09/28,,11,1,4931,13134710,CPN,CALPINE CORP,,,,N,A,R,31726,0,1,4911,13134710,,,,,,,,0.000,49.000,491.000,,,,,,,,,,,,,,,21.020,23.910,22.810,10899300.000,0.154937,22.760,22.880,304986.000,1.000,1.000,21.600,,0.154937,0.023,0.023,0.025,0.025,0.022
83981,2001/10/01,,11,1,4931,13134710,CPN,CALPINE CORP,,,,N,A,R,31726,0,1,4911,13134710,,,,,,,,,49.000,491.000,,,,,,,,,,,,,,,21.350,23.000,21.700,5680500.000,-0.048663,21.580,21.800,304986.000,1.000,1.000,23.000,,-0.048663,-0.004,-0.004,-0.010,-0.010,-0.002
83981,2001/10/02,,11,1,4931,13134710,CPN,CALPINE CORP,,,,N,A,R,31726,0,1,4911,13134710,,,,,,,,,49.000,491.000,,,,,,,,,,,,,,,22.510,24.750,24.750,9575100.000,0.140553,24.640,24.840,304986.000,1.000,1.000,22.950,,0.140553,0.012,0.012,0.007,0.007,0.012
83981,2001/10/03,,11,1,4931,13134710,CPN,CALPINE CORP,,,,N,A,R,31726,0,1,4911,13134710,,,,,,,,,49.000,491.000,,,,,,,,,,,,,,,24.390,27.500,26.900,10202300.000,0.086869,26.840,26.960,304986.000,1.000,1.000,24.760,,0.086869,0.022,0.022,0.021,0.021,0.020
83981,2001/10/04,,11,1,4931,13134710,CPN,CALPINE CORP,,,,N,A,R,31726,0,1,4911,13134710,,,,,,,,,49.000,491.000,,,,,,,,,,,,,,,26.190,28.400,26.720,6354200.000,-0.006691,26.600,26.750,304986.000,1.000,1.000,27.900,,-0.006691,-0.000,-0.000,0.011,0.011,-0.002
83981,2001/10/05,,11,1,4931,13134710,CPN,CALPINE CORP,,,,N,A,R,31726,0,1,4911,13134710,,,,,,,,,49.000,491.000,,,,,,,,,,,,,,,25.080,26.710,25.470,4772200.000,-0.046781,25.300,25.510,304986.000,1.000,1.000,26.700,,-0.046781,0.000,0.000,0.001,0.000,0.002
83981,2001/10/08,,11,1,4931,13134710,CPN,CALPINE CORP,,,,N,A,R,31726,0,1,4911,13134710,,,,,,,,,49.000,491.000,,,,,,,,,,,,,,,24.250,26.410,25.150,3113100.000,-0.012564,25.040,25.260,304986.000,1.000,1.000,25.300,,-0.012564,-0.008,-0.008,-0.002,-0.002,-0.008
83981,2001/10/09,,11,1,4931,13134710,CPN,CALPINE CORP,,,,N,A,R,31726,0,1,4911,13134710,,,,,,,,,49.000,491.000,,,,,,,,,,,,,,,24.250,25.970,24.400,2987400.000,-0.029821,24.320,24.500,304986.000,1.000,1.000,25.900,,-0.029821,-0.005,-0.005,-0.004,-0.004,-0.005
83981,2001/10/10,,11,1,4931,13134710,CPN,CALPINE CORP,,,,N,A,R,31726,0,1,4911,13134710,,,,,,,,,49.000,491.000,,,,,,,,,,,,,,,24.100,26.640,26.590,4373000.000,0.089754,26.490,26.700,304986.000,1.000,1.000,24.650,,0.089754,0.023,0.023,0.019,0.019,0.023
83981,2001/10/11,,11,1,4931,13134710,CPN,CALPINE CORP,,,,N,A,R,31726,0,1,4911,13134710,,,,,,,,,49.000,491.000,,,,,,,,,,,,,,,26.930,28.680,27.700,4994000.000,0.041745,27.600,27.810,304986.000,1.000,1.000,27.200,,0.041745,0.017,0.017,0.019,0.019,0.015
83981,2001/10/12,,11,1,4931,13134710,CPN,CALPINE CORP,,,,N,A,R,31726,0,1,4911,13134710,,,,,,,,,49.000,491.000,,,,,,,,,,,,,,,26.300,28.520,27.470,3694500.000,-0.008303,27.370,27.580,304986.000,1.000,1.000,27.950,,-0.008303,-0.005,-0.005,0.000,0.000,-0.005
83981,2001/10/15,,11,1,4931,13134710,CPN,CALPINE CORP,,,,N,A,R,31726,0,1,4911,13134710,,,,,,,,,49.000,491.000,,,,,,,,,,,,,,,26.210,27.730,26.610,2603900.000,-0.031307,26.520,26.650,304986.000,1.000,1.000,27.470,,-0.031307,-0.001,-0.001,0.003,0.003,-0.002
83981,2001/10/16,,11,1,4931,13134710,CPN,CALPINE CORP,,,,N,A,R,31726,0,1,4911,13134710,,,,,,,,,49.000,491.000,,,,,,,,,,,,,,,26.530,27.790,27.580,3835300.000,0.036452,27.470,27.690,304986.000,1.000,1.000,26.610,,0.036452,0.008,0.008,0.011,0.011,0.007
83981,2001/10/17,,11,1,4931,13134710,CPN,CALPINE CORP,,,,N,A,R,31726,0,1,4911,13134710,,,,,,,,,49.000,491.000,,,,,,,,,,,,,,,26.560,28.250,26.780,2711600.000,-0.029006,26.660,26.890,304986.000,1.000,1.000,28.250,,-0.029006,-0.019,-0.019,-0.006,-0.006,-0.019
83981,2001/10/18,,11,1,4931,13134710,CPN,CALPINE CORP,,,,N,A,R,31726,0,1,4911,13134710,,,,,,,,,49.000,491.000,,,,,,,,,,,,,,,25.230,26.970,25.270,3534700.000,-0.056385,25.150,25.390,304986.000,1.000,1.000,26.800,,-0.056385,-0.007,-0.007,-0.005,-0.005,-0.008
83981,2001/10/19,,11,1,4931,13134710,CPN,CALPINE CORP,,,,N,A,R,31726,0,1,4911,13134710,,,,,,,,,49.000,491.000,,,,,,,,,,,,,,,25.100,27.090,26.780,3742100.000,0.059755,26.770,26.800,304986.000,1.000,1.000,25.690,,0.059755,0.005,0.005,0.005,0.005,0.005
83981,2001/10/22,,11,1,4931,13134710,CPN,CALPINE CORP,,,,N,A,R,31726,0,1,4911,13134710,,,,,,,,,49.000,491.000,,,,,,,,,,,,,,,25.600,27.000,26.000,2668100.000,-0.029126,25.880,26.110,304986.000,1.000,1.000,26.780,,-0.029126,0.015,0.015,0.008,0.008,0.015
83981,2001/10/23,,11,1,4931,13134710,CPN,CALPINE CORP,,,,N,A,R,31726,0,1,4911,13134710,,,,,,,,,49.000,491.000,,,,,,,,,,,,,,,25.580,26.770,25.630,2766000.000,-0.014231,25.510,25.740,304986.000,1.000,1.000,26.480,,-0.014231,-0.004,-0.004,0.000,0.000,-0.005
83981,2001/10/24,,11,1,4931,13134710,CPN,CALPINE CORP,,,,N,A,R,31726,0,1,4911,13134710,,,,,,,,,49.000,491.000,,,,,,,,,,,,,,,23.400,25.450,23.650,9410600.000,-0.077253,23.610,23.830,304986.000,1.000,1.000,25.450,,-0.077253,0.001,0.001,0.004,0.004,0.000
83981,2001/10/25,,11,1,4931,13134710,CPN,CALPINE CORP,,,,N,A,R,31726,0,1,4911,13134710,,,,,,,,,49.000,491.000,,,,,,,,,,,,,,,22.660,24.500,23.800,9791600.000,0.006342,23.650,23.900,304986.000,1.000,1.000,23.650,,0.006342,0.014,0.014,0.011,0.011,0.014
83981,2001/10/26,,11,1,4931,13134710,CPN,CALPINE CORP,,,,N,A,R,31726,0,1,4911,13134710,,,,,,,,,49.000,491.000,,,,,,,,,,,,,,,24.010,25.850,25.000,5660400.000,0.050420,24.950,25.100,304986.000,1.000,1.000,24.200,,0.050420,0.004,0.004,0.007,0.007,0.004
83981,2001/10/29,,11,1,4931,13134710,CPN,CALPINE CORP,,,,N,A,R,31726,0,1,4911,13134710,,,,,,,,,49.000,491.000,,,,,,,,,,,,,,,24.650,25.800,25.710,4182900.000,0.028400,25.570,25.810,304986.000,1.000,1.000,25.060,,0.028400,-0.023,-0.023,-0.009,-0.009,-0.024
83981,2001/10/30,,11,1,4931,13134710,CPN,CALPINE CORP,,,,N,A,R,31726,0,1,4911,13134710,,,,,,,,,49.000,491.000,,,,,,,,,,,,,,,24.400,25.500,24.550,4331000.000,-0.045119,24.450,24.660,304986.000,1.000,1.000,25.500,,-0.045119,-0.017,-0.017,-0.011,-0.012,-0.017
83981,2001/10/31,,11,1,4931,13134710,CPN,CALPINE CORP,,,,N,A,R,31726,0,1,4911,13134710,,,,,,,,0.000,49.000,491.000,,,,,,,,,,,,,,,23.940,25.340,24.860,3567300.000,0.012627,24.600,24.850,304990.000,1.000,1.000,24.550,,0.012627,0.002,0.002,0.011,0.011,-0.000
83981,2001/11/01,,11,1,4931,13134710,CPN,CALPINE CORP,,,,N,A,R,31726,0,1,4911,13134710,,,,,,,,,49.000,491.000,,,,,,,,,,,,,,,24.000,25.150,24.600,3485600.000,-0.010459,24.520,24.620,304990.000,1.000,1.000,24.760,,-0.010459,0.021,0.021,0.009,0.009,0.023
83981,2001/11/02,,11,1,4931,13134710,CPN,CALPINE CORP,,,,N,A,R,31726,0,1,4911,13134710,,,,,,,,,49.000,491.000,,,,,,,,,,,,,,,23.070,24.600,23.540,4172300.000,-0.043089,23.430,23.630,304990.000,1.000,1.000,24.600,,-0.043089,0.002,0.002,-0.001,-0.001,0.003
83981,2001/11/05,,11,1,4931,13134710,CPN,CALPINE CORP,,,,N,A,R,31726,0,1,4911,13134710,,,,,,,,,49.000,491.000,,,,,,,,,,,,,,,23.760,24.650,23.910,4995600.000,0.015718,23.810,23.980,304990.000,1.000,1.000,24.200,,0.015718,0.014,0.014,0.008,0.008,0.014
83981,2001/11/06,,11,1,4931,13134710,CPN,CALPINE CORP,,,,N,A,R,31726,0,1,4911,13134710,,,,,,,,,49.000,491.000,,,,,,,,,,,,,,,23.470,24.950,24.700,3783400.000,0.033041,24.600,24.810,304990.000,1.000,1.000,23.850,,0.033041,0.014,0.014,0.007,0.007,0.015
83981,2001/11/07,,11,1,4931,13134710,CPN,CALPINE CORP,,,,N,A,R,31726,0,1,4911,13134710,,,,,,,,,49.000,491.000,,,,,,,,,,,,,,,23.710,24.900,24.520,4689300.000,-0.007287,24.420,24.700,304990.000,1.000,1.000,24.500,,-0.007287,-0.002,-0.002,0.001,0.001,-0.003
83981,2001/11/08,,11,1,4931,13134710,CPN,CALPINE CORP,,,,N,A,R,31726,0,1,4911,13134710,,,,,,,,,49.000,491.000,,,,,,,,,,,,,,,24.980,26.150,25.590,4527400.000,0.043638,25.490,25.750,304990.000,1.000,1.000,24.980,,0.043638,0.001,0.001,0.003,0.003,0.002
83981,2001/11/09,,11,1,4931,13134710,CPN,CALPINE CORP,,,,N,A,R,31726,0,1,4911,13134710,,,,,,,,,49.000,491.000,,,,,,,,,,,,,,,25.010,26.600,25.980,3981800.000,0.015240,25.850,26.090,304990.000,1.000,1.000,25.590,,0.015240,0.001,0.001,0.003,0.003,0.002
83981,2001/11/12,,11,1,4931,13134710,CPN,CALPINE CORP,,,,N,A,R,31726,0,1,4911,13134710,,,,,,,,,49.000,491.000,,,,,,,,,,,,,,,25.260,26.650,26.530,2452100.000,0.021170,26.410,26.630,304990.000,1.000,1.000,25.760,,0.021170,-0.001,-0.001,0.001,0.001,-0.002
83981,2001/11/13,,11,1,4931,13134710,CPN,CALPINE CORP,,,,N,A,R,31726,0,1,4911,13134710,,,,,,,,,49.000,491.000,,,,,,,,,,,,,,,26.900,28.530,28.260,4888300.000,0.065209,28.150,28.360,304990.000,1.000,1.000,27.000,,0.065209,0.019,0.018,0.014,0.014,0.019
83981,2001/11/14,,11,1,4931,13134710,CPN,CALPINE CORP,,,,N,A,R,31726,0,1,4911,13134710,,,,,,,,,49.000,491.000,,,,,,,,,,,,,,,26.900,28.850,27.570,3773800.000,-0.024416,27.510,27.680,304990.000,1.000,1.000,28.590,,-0.024416,0.003,0.003,0.008,0.007,0.002
83981,2001/11/15,,11,1,4931,13134710,CPN,CALPINE CORP,,,,N,A,R,31726,0,1,4911,13134710,,,,,,,,,49.000,491.000,,,,,,,,,,,,,,,26.110,27.630,26.520,2962900.000,-0.038085,26.400,26.620,304990.000,1.000,1.000,27.400,,-0.038085,0.000,0.000,0.000,0.000,0.001
83981,2001/11/16,,11,1,4931,13134710,CPN,CALPINE CORP,,,,N,A,R,31726,0,1,4911,13134710,,,,,,,,,49.000,491.000,,,,,,,,,,,,,,,26.070,26.680,26.440,2585100.000,-0.003017,26.330,26.540,304990.000,1.000,1.000,26.270,,-0.003017,-0.002,-0.002,0.006,0.006,-0.003
83981,2001/11/19,,11,1,4931,13134710,CPN,CALPINE CORP,,,,N,A,R,31726,0,1,4911,13134710,,,,,,,,,49.000,491.000,,,,,,,,,,,,,,,25.200,26.190,25.870,3883500.000,-0.021558,25.750,25.920,304990.000,1.000,1.000,26.050,,-0.021558,0.012,0.012,0.012,0.012,0.011
83981,2001/11/20,,11,1,4931,13134710,CPN,CALPINE CORP,,,,N,A,R,31726,0,1,4911,13134710,,,,,,,,,49.000,491.000,,,,,,,,,,,,,,,25.070,26.400,25.510,3624200.000,-0.013916,25.410,25.650,304990.000,1.000,1.000,25.070,,-0.013916,-0.008,-0.008,-0.005,-0.005,-0.007
83981,2001/11/21,,11,1,4931,13134710,CPN,CALPINE CORP,,,,N,A,R,31726,0,1,4911,13134710,,,,,,,,,49.000,491.000,,,,,,,,,,,,,,,23.790,25.520,24.440,6683400.000,-0.041944,24.330,24.550,304990.000,1.000,1.000,25.510,,-0.041944,-0.004,-0.005,0.000,0.000,-0.005
83981,2001/11/23,,11,1,4931,13134710,CPN,CALPINE CORP,,,,N,A,R,31726,0,1,4911,13134710,,,,,,,,,49.000,491.000,,,,,,,,,,,,,,,23.780,24.740,24.150,2097400.000,-0.011866,24.050,24.300,304990.000,1.000,1.000,24.600,,-0.011866,0.012,0.012,0.010,0.010,0.012
83981,2001/11/26,,11,1,4931,13134710,CPN,CALPINE CORP,,,,N,A,R,31726,0,1,4911,13134710,,,,,,,,,49.000,491.000,,,,,,,,,,,,,,,23.540,24.500,23.920,4011900.000,-0.009524,23.810,24.020,304990.000,1.000,1.000,24.350,,-0.009524,0.007,0.007,0.006,0.006,0.006
83981,2001/11/27,,11,1,4931,13134710,CPN,CALPINE CORP,,,,N,A,R,31726,0,1,4911,13134710,,,,,,,,,49.000,491.000,,,,,,,,,,,,,,,23.000,24.300,23.290,5110300.000,-0.026338,23.180,23.400,304990.000,1.000,1.000,23.990,,-0.026338,-0.005,-0.005,0.002,0.002,-0.007
83981,2001/11/28,,11,1,4931,13134710,CPN,CALPINE CORP,,,,N,A,R,31726,0,1,4911,13134710,,,,,,,,,49.000,491.000,,,,,,,,,,,,,,,20.850,23.300,21.100,13858700.000,-0.094032,21.000,21.260,304990.000,1.000,1.000,23.300,,-0.094032,-0.017,-0.018,-0.010,-0.010,-0.018
83981,2001/11/29,,11,1,4931,13134710,CPN,CALPINE CORP,,,,N,A,R,31726,0,1,4911,13134710,,,,,,,,,49.000,491.000,,,,,,,,,,,,,,,21.750,23.080,22.380,11345900.000,0.060663,22.270,22.480,304990.000,1.000,1.000,22.000,,0.060663,0.011,0.011,0.009,0.009,0.010
83981,2001/11/30,,11,1,4931,13134710,CPN,CALPINE CORP,,,,N,A,R,31726,0,1,4911,13134710,,,,,,,,0.000,49.000,491.000,,,,,,,,,,,,,,,21.510,22.610,21.560,6813000.000,-0.036640,21.510,21.580,305320.000,1.000,1.000,22.550,,-0.036640,-0.001,-0.001,0.001,0.001,-0.001
83981,2001/12/03,,11,1,4931,13134710,CPN,CALPINE CORP,,,,N,A,R,31726,0,1,4911,13134710,,,,,,,,,49.000,491.000,,,,,,,,,,,,,,,18.240,20.810,18.500,18068500.000,-0.141929,18.400,18.510,305320.000,1.000,1.000,20.800,,-0.141929,-0.008,-0.008,-0.007,-0.007,-0.008
83981,2001/12/04,,11,1,4931,13134710,CPN,CALPINE CORP,,,,N,A,R,31726,0,1,4911,13134710,,,,,,,,,49.000,491.000,,,,,,,,,,,,,,,18.580,20.250,20.040,17849900.000,0.083243,20.010,20.150,305320.000,1.000,1.000,19.150,,0.083243,0.015,0.015,0.012,0.012,0.013
83981,2001/12/05,,11,1,4931,13134710,CPN,CALPINE CORP,,,,N,A,R,31726,0,1,4911,13134710,,,,,,,,,49.000,491.000,,,,,,,,,,,,,,,20.130,21.650,20.170,10733300.000,0.006487,20.150,20.250,305320.000,1.000,1.000,21.000,,0.006487,0.023,0.023,0.017,0.017,0.022
83981,2001/12/06,,11,1,4931,13134710,CPN,CALPINE CORP,,,,N,A,R,31726,0,1,4911,13134710,,,,,,,,,49.000,491.000,,,,,,,,,,,,,,,19.120,21.220,20.490,9166300.000,0.015865,20.400,20.590,305320.000,1.000,1.000,20.420,,0.015865,-0.001,-0.001,0.006,0.006,-0.003
83981,2001/12/07,,11,1,4931,13134710,CPN,CALPINE CORP,,,,N,A,R,31726,0,1,4911,13134710,,,,,,,,,49.000,491.000,,,,,,,,,,,,,,,20.540,21.870,21.370,7438200.000,0.042948,21.260,21.470,305320.000,1.000,1.000,20.550,,0.042948,-0.007,-0.007,0.002,0.002,-0.008
83981,2001/12/10,,11,1,4931,13134710,CPN,CALPINE CORP,,,,N,A,R,31726,0,1,4911,13134710,,,,,,,,,49.000,491.000,,,,,,,,,,,,,,,15.850,20.020,17.790,38424000.000,-0.167525,17.680,17.900,305320.000,1.000,1.000,20.010,,-0.167525,-0.015,-0.015,-0.007,-0.007,-0.016
83981,2001/12/11,,11,1,4931,13134710,CPN,CALPINE CORP,,,,N,A,R,31726,0,1,4911,13134710,,,,,,,,,49.000,491.000,,,,,,,,,,,,,,,15.420,18.360,15.500,33140300.000,-0.128724,15.390,15.600,305320.000,1.000,1.000,17.990,,-0.128724,-0.002,-0.002,0.003,0.003,-0.003
83981,2001/12/12,,11,1,4931,13134710,CPN,CALPINE CORP,,,,N,A,R,31726,0,1,4911,13134710,,,,,,,,,49.000,491.000,,,,,,,,,,,,,,,10.000,16.280,15.910,73952400.000,0.026452,15.800,15.890,305320.000,1.000,1.000,15.100,,0.026452,0.001,0.000,0.002,0.002,0.000
83981,2001/12/13,,11,1,4931,13134710,CPN,CALPINE CORP,,,,N,A,R,31726,0,1,4911,13134710,,,,,,,,,49.000,491.000,,,,,,,,,,,,,,,15.000,17.000,16.050,23286900.000,0.008799,16.050,16.310,305320.000,1.000,1.000,15.500,,0.008799,-0.015,-0.015,-0.008,-0.008,-0.016
83981,2001/12/14,,11,1,4931,13134710,CPN,CALPINE CORP,,,,N,A,R,31726,0,1,4911,13134710,,,,,,,,,49.000,491.000,,,,,,,,,,,,,,,12.500,14.450,13.200,38136400.000,-0.177570,13.240,13.450,305320.000,1.000,1.000,12.600,,-0.177570,0.003,0.003,0.002,0.002,0.003
83981,2001/12/17,,11,1,4931,13134710,CPN,CALPINE CORP,,,,N,A,R,31726,0,1,4911,13134710,,,,,,,,,49.000,491.000,,,,,,,,,,,,,,,11.810,13.500,12.900,22333400.000,-0.022727,12.660,13.100,305320.000,1.000,1.000,12.000,,-0.022727,0.010,0.010,0.005,0.005,0.010
83981,2001/12/18,,11,1,4931,13134710,CPN,CALPINE CORP,,,,N,A,R,31726,0,1,4911,13134710,,,,,,,,,49.000,491.000,,,,,,,,,,,,,,,12.900,14.200,14.000,18140600.000,0.085271,13.750,14.120,305320.000,1.000,1.000,12.900,,0.085271,0.008,0.008,0.007,0.007,0.008
83981,2001/12/19,,11,1,4931,13134710,CPN,CALPINE CORP,,,,N,A,R,31726,0,1,4911,13134710,,,,,,,,,49.000,491.000,,,,,,,,,,,,,,,13.030,15.900,14.690,44996500.000,0.049286,14.600,14.750,305320.000,1.000,1.000,14.000,,0.049286,0.004,0.004,-0.003,-0.003,0.006
83981,2001/12/20,,11,1,4931,13134710,CPN,CALPINE CORP,,,,N,A,R,31726,0,1,4911,13134710,,,,,,,,,49.000,491.000,,,,,,,,,,,,,,,14.250,15.500,14.850,46046100.000,0.010892,14.800,14.950,305320.000,1.000,1.000,14.650,,0.010892,-0.009,-0.009,-0.009,-0.009,-0.008
83981,2001/12/21,,11,1,4931,13134710,CPN,CALPINE CORP,,,,N,A,R,31726,0,1,4911,13134710,,,,,,,,,49.000,491.000,,,,,,,,,,,,,,,14.750,15.250,15.010,16361800.000,0.010774,14.910,15.050,305320.000,1.000,1.000,14.900,,0.010774,0.006,0.006,0.010,0.010,0.004
83981,2001/12/24,,11,1,4931,13134710,CPN,CALPINE CORP,,,,N,A,R,31726,0,1,4911,13134710,,,,,,,,,49.000,491.000,,,,,,,,,,,,,,,14.600,15.790,15.510,6110100.000,0.033311,15.550,15.700,305320.000,1.000,1.000,15.400,,0.033311,0.000,0.000,0.004,0.004,-0.000
83981,2001/12/26,,11,1,4931,13134710,CPN,CALPINE CORP,,,,N,A,R,31726,0,1,4911,13134710,,,,,,,,,49.000,491.000,,,,,,,,,,,,,,,15.590,16.250,15.990,9463600.000,0.030948,15.670,15.970,305320.000,1.000,1.000,15.600,,0.030948,0.005,0.005,0.007,0.007,0.004
83981,2001/12/27,,11,1,4931,13134710,CPN,CALPINE CORP,,,,N,A,R,31726,0,1,4911,13134710,,,,,,,,,49.000,491.000,,,,,,,,,,,,,,,15.930,16.750,16.550,11599300.000,0.035022,16.650,16.680,305320.000,1.000,1.000,16.040,,0.035022,0.007,0.007,0.008,0.008,0.007
83981,2001/12/28,,11,1,4931,13134710,CPN,CALPINE CORP,,,,N,A,R,31726,0,1,4911,13134710,,,,,,,,,49.000,491.000,,,,,,,,,,,,,,,16.240,16.950,16.390,7268800.000,-0.009668,16.120,16.640,305320.000,1.000,1.000,16.560,,-0.009668,0.004,0.004,0.009,0.009,0.003
83981,2001/12/31,,11,1,4931,13134710,CPN,CALPINE CORP,,,,N,A,R,31726,0,1,4911,13134710,,,,,,,,0.000,49.000,491.000,,,,,,,,,,,,,,,16.630,17.120,16.790,7602800.000,0.024405,16.800,17.060,305320.000,1.000,1.000,16.760,,0.024405,-0.010,-0.010,0.007,0.007,-0.011
83981,2002/01/02,2004/02/17,11,1,4931,13134710,CPN,CALPINE CORP,,CPN,,N,A,R,31726,0,1,4911,13134710,,,,,,,,2.000,49.000,491.000,,,,,,,,,,,,,,,16.740,17.280,16.830,10984700.000,0.002382,16.810,17.100,305320.000,1.000,1.000,17.250,,0.002382,0.004,0.004,0.008,0.008,0.006
83981,2002/01/03,,11,1,4931,13134710,CPN,CALPINE CORP,,CPN,,N,A,R,31726,0,1,4911,13134710,,,,,,,,,49.000,491.000,,,,,,,,,,,,,,,15.600,17.000,15.900,10772600.000,-0.055258,15.750,16.100,305320.000,1.000,1.000,16.900,,-0.055258,0.010,0.010,0.013,0.013,0.009
83981,2002/01/04,,11,1,4931,13134710,CPN,CALPINE CORP,,CPN,,N,A,R,31726,0,1,4911,13134710,,,,,,,,,49.000,491.000,,,,,,,,,,,,,,,16.050,16.870,16.850,9105700.000,0.059748,16.590,16.950,305320.000,1.000,1.000,16.200,,0.059748,0.007,0.007,0.011,0.011,0.006
83981,2002/01/07,,11,1,4931,13134710,CPN,CALPINE CORP,,CPN,,N,A,R,31726,0,1,4911,13134710,,,,,,,,,49.000,491.000,,,,,,,,,,,,,,,16.260,16.990,16.860,10189900.000,0.000593,16.500,17.120,305320.000,1.000,1.000,16.800,,0.000593,-0.007,-0.007,-0.000,-0.000,-0.006
83981,2002/01/08,,11,1,4931,13134710,CPN,CALPINE CORP,,CPN,,N,A,R,31726,0,1,4911,13134710,,,,,,,,,49.000,491.000,,,,,,,,,,,,,,,16.400,16.910,16.600,4670200.000,-0.015421,16.290,16.800,305320.000,1.000,1.000,16.910,,-0.015421,-0.002,-0.003,0.005,0.005,-0.004
83981,2002/01/09,,11,1,4931,13134710,CPN,CALPINE CORP,,CPN,,N,A,R,31726,0,1,4911,13134710,,,,,,,,,49.000,491.000,,,,,,,,,,,,,,,15.400,16.550,15.740,7892900.000,-0.051807,15.440,15.890,305320.000,1.000,1.000,16.480,,-0.051807,-0.004,-0.004,0.001,0.001,-0.005
83981,2002/01/10,,11,1,4931,13134710,CPN,CALPINE CORP,,CPN,,N,A,R,31726,0,1,4911,13134710,,,,,,,,,49.000,491.000,,,,,,,,,,,,,,,15.950,16.500,16.050,11487900.000,0.019695,16.010,16.320,305320.000,1.000,1.000,16.450,,0.019695,0.001,0.001,0.000,0.000,0.001
83981,2002/01/11,,11,1,4931,13134710,CPN,CALPINE CORP,,CPN,,N,A,R,31726,0,1,4911,13134710,,,,,,,,,49.000,491.000,,,,,,,,,,,,,,,14.900,16.270,15.100,9991400.000,-0.059190,14.760,15.250,305320.000,1.000,1.000,16.240,,-0.059190,-0.009,-0.009,-0.004,-0.004,-0.009
83981,2002/01/14,,11,1,4931,13134710,CPN,CALPINE CORP,,CPN,,N,A,R,31726,0,1,4911,13134710,,,,,,,,,49.000,491.000,,,,,,,,,,,,,,,13.010,15.010,14.610,11459400.000,-0.032450,14.320,14.750,305320.000,1.000,1.000,15.000,,-0.032450,-0.008,-0.008,-0.010,-0.010,-0.006
83981,2002/01/15,,11,1,4931,13134710,CPN,CALPINE CORP,,CPN,,N,A,R,31726,0,1,4911,13134710,,,,,,,,,49.000,491.000,,,,,,,,,,,,,,,13.570,14.800,13.850,10449900.000,-0.052019,13.680,14.150,305320.000,1.000,1.000,14.640,,-0.052019,0.006,0.006,0.001,0.001,0.007
83981,2002/01/16,,11,1,4931,13134710,CPN,CALPINE CORP,,CPN,,N,A,R,31726,0,1,4911,13134710,,,,,,,,,49.000,491.000,,,,,,,,,,,,,,,13.610,15.250,14.700,22270400.000,0.061372,14.740,14.980,305320.000,1.000,1.000,13.700,,0.061372,-0.016,-0.016,-0.011,-0.011,-0.016
83981,2002/01/17,,11,1,4931,13134710,CPN,CALPINE CORP,,CPN,,N,A,R,31726,0,1,4911,13134710,,,,,,,,,49.000,491.000,,,,,,,,,,,,,,,13.580,14.830,13.950,15982900.000,-0.051020,13.710,14.120,305320.000,1.000,1.000,14.700,,-0.051020,0.010,0.010,0.007,0.007,0.010
83981,2002/01/18,,11,1,4931,13134710,CPN,CALPINE CORP,,CPN,,N,A,R,31726,0,1,4911,13134710,,,,,,,,,49.000,491.000,,,,,,,,,,,,,,,13.400,14.010,13.700,7184000.000,-0.017921,13.530,13.800,305320.000,1.000,1.000,13.700,,-0.017921,-0.010,-0.010,-0.006,-0.006,-0.010
83981,2002/01/22,,11,1,4931,13134710,CPN,CALPINE CORP,,CPN,,N,A,R,31726,0,1,4911,13134710,,,,,,,,,49.000,491.000,,,,,,,,,,,,,,,12.700,13.890,12.720,9576900.000,-0.071533,12.650,12.850,305320.000,1.000,1.000,13.500,,-0.071533,-0.008,-0.008,-0.008,-0.008,-0.007
83981,2002/01/23,,11,1,4931,13134710,CPN,CALPINE CORP,,CPN,,N,A,R,31726,0,1,4911,13134710,,,,,,,,,49.000,491.000,,,,,,,,,,,,,,,12.460,13.550,13.000,9748800.000,0.022013,12.970,13.240,305320.000,1.000,1.000,12.750,,0.022013,0.009,0.009,0.008,0.008,0.008
83981,2002/01/24,,11,1,4931,13134710,CPN,CALPINE CORP,,CPN,,N,A,R,31726,0,1,4911,13134710,,,,,,,,,49.000,491.000,,,,,,,,,,,,,,,12.500,13.380,12.500,10821000.000,-0.038462,12.270,12.800,305320.000,1.000,1.000,13.250,,-0.038462,0.004,0.004,0.006,0.006,0.004
83981,2002/01/25,,11,1,4931,13134710,CPN,CALPINE CORP,,CPN,,N,A,R,31726,0,1,4911,13134710,,,,,,,,,49.000,491.000,,,,,,,,,,,,,,,12.130,12.760,12.560,6010300.000,0.004800,12.270,12.800,305320.000,1.000,1.000,12.740,,0.004800,0.001,0.001,0.000,0.000,0.001
83981,2002/01/28,,11,1,4931,13134710,CPN,CALPINE CORP,,CPN,,N,A,R,31726,0,1,4911,13134710,,,,,,,,,49.000,491.000,,,,,,,,,,,,,,,11.470,12.800,12.040,9367500.000,-0.041401,12.040,12.290,305320.000,1.000,1.000,12.700,,-0.041401,0.000,0.000,0.000,0.000,-0.000
83981,2002/01/29,,11,1,4931,13134710,CPN,CALPINE CORP,,CPN,,N,A,R,31726,0,1,4911,13134710,,,,,,,,,49.000,491.000,,,,,,,,,,,,,,,10.250,12.010,11.010,25483100.000,-0.085548,10.800,11.260,305320.000,1.000,1.000,11.700,,-0.085548,-0.025,-0.025,-0.011,-0.012,-0.029
83981,2002/01/30,,11,1,4931,13134710,CPN,CALPINE CORP,,CPN,,N,A,R,31726,0,1,4911,13134710,,,,,,,,,49.000,491.000,,,,,,,,,,,,,,,9.750,13.110,11.060,19090500.000,0.004541,10.810,11.070,305320.000,1.000,1.000,10.200,,0.004541,0.010,0.010,0.004,0.004,0.012
83981,2002/01/31,,11,1,4931,13134710,CPN,CALPINE CORP,,CPN,,N,A,R,31726,0,1,4911,13134710,,,,,,,,0.000,49.000,491.000,,,,,,,,,,,,,,,10.810,11.720,11.200,16440000.000,0.012658,11.150,11.630,305320.000,1.000,1.000,11.200,,0.012658,0.013,0.013,0.010,0.009,0.015
83981,2002/02/01,,11,1,4931,13134710,CPN,CALPINE CORP,,CPN,,N,A,R,31726,0,1,4911,13134710,,,,,,,,,49.000,491.000,,,,,,,,,,,,,,,10.800,11.680,11.300,12683300.000,0.008929,11.050,11.280,305320.000,1.000,1.000,10.990,,0.008929,-0.006,-0.006,-0.002,-0.002,-0.007
83981,2002/02/04,,11,1,4931,13134710,CPN,CALPINE CORP,,CPN,,N,A,R,31726,0,1,4911,13134710,,,,,,,,,49.000,491.000,,,,,,,,,,,,,,,9.300,10.750,9.490,18607900.000,-0.160177,9.070,9.500,305320.000,1.000,1.000,10.700,,-0.160177,-0.024,-0.024,-0.016,-0.016,-0.025
83981,2002/02/05,,11,1,4931,13134710,CPN,CALPINE CORP,,CPN,,N,A,R,31726,0,1,4911,13134710,,,,,,,,,49.000,491.000,,,,,,,,,,,,,,,8.500,9.600,8.750,21008400.000,-0.077977,8.490,9.000,305320.000,1.000,1.000,9.300,,-0.077977,-0.005,-0.005,-0.008,-0.008,-0.004
83981,2002/02/06,,11,1,4931,13134710,CPN,CALPINE CORP,,CPN,,N,A,R,31726,0,1,4911,13134710,,,,,,,,,49.000,491.000,,,,,,,,,,,,,,,6.800,9.150,6.800,61389700.000,-0.222857,6.810,6.880,305320.000,1.000,1.000,9.000,,-0.222857,-0.007,-0.007,-0.010,-0.010,-0.006
83981,2002/02/07,,11,1,4931,13134710,CPN,CALPINE CORP,,CPN,,N,A,R,31726,0,1,4911,13134710,,,,,,,,,49.000,491.000,,,,,,,,,,,,,,,7.010,8.500,8.140,36549400.000,0.197059,8.150,8.280,305320.000,1.000,1.000,7.100,,0.197059,-0.004,-0.004,-0.006,-0.006,-0.003
83981,2002/02/08,,11,1,4931,13134710,CPN,CALPINE CORP,,CPN,,N,A,R,31726,0,1,4911,13134710,,,,,,,,,49.000,491.000,,,,,,,,,,,,,,,8.000,9.100,8.400,19906400.000,0.031941,8.140,8.590,305320.000,1.000,1.000,8.580,,0.031941,0.016,0.016,0.012,0.012,0.015
83981,2002/02/11,,11,1,4931,13134710,CPN,CALPINE CORP,,CPN,,N,A,R,31726,0,1,4911,13134710,,,,,,,,,49.000,491.000,,,,,,,,,,,,,,,8.100,8.800,8.700,13504000.000,0.035714,8.400,8.690,305320.000,1.000,1.000,8.600,,0.035714,0.013,0.013,0.008,0.008,0.014
83981,2002/02/12,,11,1,4931,13134710,CPN,CALPINE CORP,,CPN,,N,A,R,31726,0,1,4911,13134710,,,,,,,,,49.000,491.000,,,,,,,,,,,,,,,8.510,9.180,8.560,15929900.000,-0.016092,8.310,8.790,305320.000,1.000,1.000,8.720,,-0.016092,-0.003,-0.003,-0.000,-0.000,-0.004
83981,2002/02/13,,11,1,4931,13134710,CPN,CALPINE CORP,,CPN,,N,A,R,31726,0,1,4911,13134710,,,,,,,,,49.000,491.000,,,,,,,,,,,,,,,7.850,9.150,7.980,19494100.000,-0.067757,7.880,8.150,305320.000,1.000,1.000,9.000,,-0.067757,0.010,0.009,0.006,0.006,0.010
83981,2002/02/14,,11,1,4931,13134710,CPN,CALPINE CORP,,CPN,,N,A,R,31726,0,1,4911,13134710,,,,,,,,,49.000,491.000,,,,,,,,,,,,,,,7.730,8.400,8.070,16476500.000,0.011278,7.860,8.190,305320.000,1.000,1.000,7.850,,0.011278,-0.002,-0.003,-0.005,-0.005,-0.002
83981,2002/02/15,,11,1,4931,13134710,CPN,CALPINE CORP,,CPN,,N,A,R,31726,0,1,4911,13134710,,,,,,,,,49.000,491.000,,,,,,,,,,,,,,,7.500,8.770,7.640,12138900.000,-0.053284,7.620,7.750,305320.000,1.000,1.000,8.190,,-0.053284,-0.010,-0.010,-0.004,-0.004,-0.011
83981,2002/02/19,,11,1,4931,13134710,CPN,CALPINE CORP,,CPN,,N,A,R,31726,0,1,4911,13134710,,,,,,,,,49.000,491.000,,,,,,,,,,,,,,,7.520,8.140,7.600,13192000.000,-0.005236,7.480,7.600,305320.000,1.000,1.000,7.700,,-0.005236,-0.019,-0.019,-0.015,-0.015,-0.019
83981,2002/02/20,,11,1,4931,13134710,CPN,CALPINE CORP,,CPN,,N,A,R,31726,0,1,4911,13134710,,,,,,,,,49.000,491.000,,,,,,,,,,,,,,,6.900,7.750,7.010,19586500.000,-0.077632,7.050,7.060,305320.000,1.000,1.000,7.750,,-0.077632,0.013,0.013,0.005,0.005,0.014
83981,2002/02/21,,11,1,4931,13134710,CPN,CALPINE CORP,,CPN,,N,A,R,31726,0,1,4911,13134710,,,,,,,,,49.000,491.000,,,,,,,,,,,,,,,6.830,7.450,7.320,11447800.000,0.044223,7.100,7.570,305320.000,1.000,1.000,7.080,,0.044223,-0.015,-0.015,-0.009,-0.009,-0.016
83981,2002/02/22,,11,1,4931,13134710,CPN,CALPINE CORP,,CPN,,N,A,R,31726,0,1,4911,13134710,,,,,,,,,49.000,491.000,,,,,,,,,,,,,,,6.350,7.320,7.110,16113800.000,-0.028689,7.000,7.360,305320.000,1.000,1.000,7.320,,-0.028689,0.007,0.007,0.004,0.004,0.008
83981,2002/02/25,,11,1,4931,13134710,CPN,CALPINE CORP,,CPN,,N,A,R,31726,0,1,4911,13134710,,,,,,,,,49.000,491.000,,,,,,,,,,,,,,,6.150,6.850,6.830,24021700.000,-0.039381,6.850,7.080,305320.000,1.000,1.000,6.750,,-0.039381,0.016,0.016,0.005,0.005,0.018
83981,2002/02/26,,11,1,4931,13134710,CPN,CALPINE CORP,,CPN,,N,A,R,31726,0,1,4911,13134710,,,,,,,,,49.000,491.000,,,,,,,,,,,,,,,6.890,8.120,7.800,21002400.000,0.142021,7.780,8.000,305320.000,1.000,1.000,7.300,,0.142021,0.001,0.001,0.003,0.003,-0.000
83981,2002/02/27,,11,1,4931,13134710,CPN,CALPINE CORP,,CPN,,N,A,R,31726,0,1,4911,13134710,,,,,,,,,49.000,491.000,,,,,,,,,,,,,,,7.550,8.230,7.750,14431500.000,-0.006410,7.720,8.030,305320.000,1.000,1.000,7.870,,-0.006410,0.001,0.001,0.003,0.003,0.000
83981,2002/02/28,,11,1,4931,13134710,CPN,CALPINE CORP,,CPN,,N,A,R,31726,0,1,4911,13134710,,,,,,,,0.000,49.000,491.000,,,,,,,,,,,,,,,7.180,7.900,7.350,10853200.000,-0.051613,7.300,7.490,305320.000,1.000,1.000,7.740,,-0.051613,-0.003,-0.003,-0.001,-0.001,-0.003
83981,2002/03/01,,11,1,4931,13134710,CPN,CALPINE CORP,,CPN,,N,A,R,31726,0,1,4911,13134710,,,,,,,,,49.000,491.000,,,,,,,,,,,,,,,6.950,7.470,7.290,11558000.000,-0.008163,7.250,7.350,305320.000,1.000,1.000,7.250,,-0.008163,0.022,0.022,0.012,0.012,0.023
83981,2002/03/04,,11,1,4931,13134710,CPN,CALPINE CORP,,CPN,,N,A,R,31726,0,1,4911,13134710,,,,,,,,,49.000,491.000,,,,,,,,,,,,,,,7.310,8.090,7.860,14463700.000,0.078189,7.850,7.910,305320.000,1.000,1.000,7.360,,0.078189,0.020,0.020,0.015,0.015,0.019
83981,2002/03/05,,11,1,4931,13134710,CPN,CALPINE CORP,,CPN,,N,A,R,31726,0,1,4911,13134710,,,,,,,,,49.000,491.000,,,,,,,,,,,,,,,7.870,9.500,9.150,22667700.000,0.164122,9.180,9.380,305320.000,1.000,1.000,8.000,,0.164122,-0.005,-0.005,0.003,0.003,-0.007
83981,2002/03/06,,11,1,4931,13134710,CPN,CALPINE CORP,,CPN,,N,A,R,31726,0,1,4911,13134710,,,,,,,,,49.000,491.000,,,,,,,,,,,,,,,9.500,11.500,10.870,31857400.000,0.187978,10.760,10.750,305320.000,1.000,1.000,10.000,,0.187978,0.014,0.014,0.013,0.012,0.015
83981,2002/03/07,,11,1,4931,13134710,CPN,CALPINE CORP,,CPN,,N,A,R,31726,0,1,4911,13134710,,,,,,,,,49.000,491.000,,,,,,,,,,,,,,,11.090,12.500,12.070,32053300.000,0.110396,11.810,12.060,305320.000,1.000,1.000,11.600,,0.110396,-0.004,-0.004,0.004,0.004,-0.004
83981,2002/03/08,,11,1,4931,13134710,CPN,CALPINE CORP,,CPN,,N,A,R,31726,0,1,4911,13134710,,,,,,,,,49.000,491.000,,,,,,,,,,,,,,,12.250,13.250,13.250,31209400.000,0.097763,12.990,13.250,305320.000,1.000,1.000,12.400,,0.097763,0.007,0.007,0.009,0.009,0.006
83981,2002/03/11,,11,1,4931,13134710,CPN,CALPINE CORP,,CPN,,N,A,R,31726,0,1,4911,13134710,,,,,,,,,49.000,491.000,,,,,,,,,,,,,,,12.000,13.370,12.740,16841000.000,-0.038491,12.730,12.990,305320.000,1.000,1.000,13.370,,-0.038491,0.003,0.003,0.005,0.005,0.003
83981,2002/03/12,,11,1,4931,13134710,CPN,CALPINE CORP,,CPN,,N,A,R,31726,0,1,4911,13134710,,,,,,,,,49.000,491.000,,,,,,,,,,,,,,,11.460,12.700,11.680,24740200.000,-0.083202,11.610,11.940,305320.000,1.000,1.000,12.100,,-0.083202,-0.003,-0.003,-0.003,-0.003,-0.002
83981,2002/03/13,,11,1,4931,13134710,CPN,CALPINE CORP,,CPN,,N,A,R,31726,0,1,4911,13134710,,,,,,,,,49.000,491.000,,,,,,,,,,,,,,,10.780,11.440,11.200,15124500.000,-0.041096,11.000,11.190,305320.000,1.000,1.000,11.250,,-0.041096,-0.009,-0.009,-0.003,-0.004,-0.010
83981,2002/03/14,,11,1,4931,13134710,CPN,CALPINE CORP,,CPN,,N,A,R,31726,0,1,4911,13134710,,,,,,,,,49.000,491.000,,,,,,,,,,,,,,,11.200,11.720,11.270,9317500.000,0.006250,11.230,11.320,305320.000,1.000,1.000,11.240,,0.006250,-0.000,-0.000,0.004,0.004,-0.001
83981,2002/03/15,,11,1,4931,13134710,CPN,CALPINE CORP,,CPN,,N,A,R,31726,0,1,4911,13134710,,,,,,,,,49.000,491.000,,,,,,,,,,,,,,,11.000,11.850,11.500,7621800.000,0.020408,11.360,11.510,305320.000,1.000,1.000,11.250,,0.020408,0.010,0.010,0.005,0.005,0.011
83981,2002/03/18,,11,1,4931,13134710,CPN,CALPINE CORP,,CPN,,N,A,R,31726,0,1,4911,13134710,,,,,,,,,49.000,491.000,,,,,,,,,,,,,,,11.760,13.370,13.370,16069700.000,0.162609,13.210,13.440,305320.000,1.000,1.000,11.800,,0.162609,0.001,0.001,0.005,0.005,-0.001
83981,2002/03/19,,11,1,4931,13134710,CPN,CALPINE CORP,,CPN,,N,A,R,31726,0,1,4911,13134710,,,,,,,,,49.000,491.000,,,,,,,,,,,,,,,13.550,14.650,13.750,25805700.000,0.028422,13.660,14.000,305320.000,1.000,1.000,13.610,,0.028422,0.003,0.003,0.003,0.003,0.004
83981,2002/03/20,,11,1,4931,13134710,CPN,CALPINE CORP,,CPN,,N,A,R,31726,0,1,4911,13134710,,,,,,,,,49.000,491.000,,,,,,,,,,,,,,,12.750,13.660,13.040,10514900.000,-0.051636,12.860,13.260,305320.000,1.000,1.000,13.660,,-0.051636,-0.014,-0.014,-0.006,-0.006,-0.016
83981,2002/03/21,,11,1,4931,13134710,CPN,CALPINE CORP,,CPN,,N,A,R,31726,0,1,4911,13134710,,,,,,,,,49.000,491.000,,,,,,,,,,,,,,,12.750,14.500,14.260,17001800.000,0.093558,14.050,14.240,305320.000,1.000,1.000,13.000,,0.093558,0.003,0.003,0.006,0.006,0.002
83981,2002/03/22,,11,1,4931,13134710,CPN,CALPINE CORP,,CPN,,N,A,R,31726,0,1,4911,13134710,,,,,,,,,49.000,491.000,,,,,,,,,,,,,,,13.830,14.990,13.910,15003700.000,-0.024544,13.650,14.160,305320.000,1.000,1.000,14.310,,-0.024544,-0.004,-0.004,-0.000,-0.000,-0.004
83981,2002/03/25,,11,1,4931,13134710,CPN,CALPINE CORP,,CPN,,N,A,R,31726,0,1,4911,13134710,,,,,,,,,49.000,491.000,,,,,,,,,,,,,,,13.550,14.300,13.680,8040800.000,-0.016535,13.430,13.950,305320.000,1.000,1.000,14.300,,-0.016535,-0.014,-0.014,-0.007,-0.007,-0.015
83981,2002/03/26,,11,1,4931,13134710,CPN,CALPINE CORP,,CPN,,N,A,R,31726,0,1,4911,13134710,,,,,,,,,49.000,491.000,,,,,,,,,,,,,,,11.900,13.320,12.180,18206500.000,-0.109649,11.920,12.480,305320.000,1.000,1.000,12.800,,-0.109649,0.006,0.006,0.005,0.004,0.006
83981,2002/03/27,,11,1,4931,13134710,CPN,CALPINE CORP,,CPN,,N,A,R,31726,0,1,4911,13134710,,,,,,,,,49.000,491.000,,,,,,,,,,,,,,,11.730,12.980,12.920,9632200.000,0.060755,12.640,13.150,305320.000,1.000,1.000,11.750,,0.060755,0.006,0.005,0.006,0.006,0.005
83981,2002/03/28,,11,1,4931,13134710,CPN,CALPINE CORP,,CPN,,N,A,R,31726,0,1,4911,13134710,,,,,,,,0.000,49.000,491.000,,,,,,,,,,,,,,,12.350,13.460,12.700,7972600.000,-0.017028,12.450,12.750,305320.000,1.000,1.000,13.000,,-0.017028,0.003,0.003,0.006,0.006,0.002
83981,2002/04/01,,11,1,4931,13134710,CPN,CALPINE CORP,,CPN,,N,A,R,31726,0,1,4911,13134710,,,,,,,,,49.000,491.000,,,,,,,,,,,,,,,12.060,12.510,12.510,6931000.000,-0.014961,12.250,12.500,305320.000,1.000,1.000,12.100,,-0.014961,-0.001,-0.001,-0.001,-0.001,-0.001
83981,2002/04/02,,11,1,4931,13134710,CPN,CALPINE CORP,,CPN,,N,A,R,31726,0,1,4911,13134710,,,,,,,,,49.000,491.000,,,,,,,,,,,,,,,12.250,13.290,13.100,6995700.000,0.047162,12.970,13.500,305320.000,1.000,1.000,12.300,,0.047162,-0.009,-0.009,-0.005,-0.005,-0.009
83981,2002/04/03,,11,1,4931,13134710,CPN,CALPINE CORP,,CPN,,N,A,R,31726,0,1,4911,13134710,,,,,,,,,49.000,491.000,,,,,,,,,,,,,,,12.220,12.790,12.280,9088400.000,-0.062595,12.260,12.390,305320.000,1.000,1.000,12.500,,-0.062595,-0.009,-0.010,-0.006,-0.006,-0.010
83981,2002/04/04,,11,1,4931,13134710,CPN,CALPINE CORP,,CPN,,N,A,R,31726,0,1,4911,13134710,,,,,,,,,49.000,491.000,,,,,,,,,,,,,,,11.800,12.500,11.930,5957200.000,-0.028502,11.890,11.950,305320.000,1.000,1.000,12.170,,-0.028502,0.001,0.001,0.001,0.001,0.001
83981,2002/04/05,,11,1,4931,13134710,CPN,CALPINE CORP,,CPN,,N,A,R,31726,0,1,4911,13134710,,,,,,,,,49.000,491.000,,,,,,,,,,,,,,,11.800,12.240,12.000,4940300.000,0.005868,11.930,12.190,305320.000,1.000,1.000,12.070,,0.005868,-0.003,-0.003,-0.000,-0.000,-0.003
83981,2002/04/08,,11,1,4931,13134710,CPN,CALPINE CORP,,CPN,,N,A,R,31726,0,1,4911,13134710,,,,,,,,,49.000,491.000,,,,,,,,,,,,,,,11.620,12.090,12.070,3450900.000,0.005833,11.900,12.170,305320.000,1.000,1.000,11.700,,0.005833,0.003,0.003,0.003,0.002,0.002
83981,2002/04/09,,11,1,4931,13134710,CPN,CALPINE CORP,,CPN,,N,A,R,31726,0,1,4911,13134710,,,,,,,,,49.000,491.000,,,,,,,,,,,,,,,11.550,12.420,11.750,3227300.000,-0.026512,11.600,11.850,305320.000,1.000,1.000,12.070,,-0.026512,-0.006,-0.006,-0.002,-0.002,-0.007
83981,2002/04/10,,11,1,4931,13134710,CPN,CALPINE CORP,,CPN,,N,A,R,31726,0,1,4911,13134710,,,,,,,,,49.000,491.000,,,,,,,,,,,,,,,11.580,12.250,12.200,4595300.000,0.038298,12.140,12.320,305320.000,1.000,1.000,11.650,,0.038298,0.011,0.011,0.009,0.008,0.011
83981,2002/04/11,,11,1,4931,13134710,CPN,CALPINE CORP,,CPN,,N,A,R,31726,0,1,4911,13134710,,,,,,,,,49.000,491.000,,,,,,,,,,,,,,,11.400,12.190,11.490,5042000.000,-0.058197,11.380,11.550,305320.000,1.000,1.000,12.010,,-0.058197,-0.021,-0.021,-0.010,-0.010,-0.024
83981,2002/04/12,,11,1,4931,13134710,CPN,CALPINE CORP,,CPN,,N,A,R,31726,0,1,4911,13134710,,,,,,,,,49.000,491.000,,,,,,,,,,,,,,,10.710,11.750,10.950,8536400.000,-0.046997,10.850,11.080,305320.000,1.000,1.000,11.550,,-0.046997,0.008,0.008,0.011,0.011,0.007
83981,2002/04/15,,11,1,4931,13134710,CPN,CALPINE CORP,,CPN,,N,A,R,31726,0,1,4911,13134710,,,,,,,,,49.000,491.000,,,,,,,,,,,,,,,10.120,11.100,10.350,9370000.000,-0.054794,10.300,10.370,305320.000,1.000,1.000,11.000,,-0.054794,-0.006,-0.006,-0.001,-0.001,-0.008
83981,2002/04/16,,11,1,4931,13134710,CPN,CALPINE CORP,,CPN,,N,A,R,31726,0,1,4911,13134710,,,,,,,,,49.000,491.000,,,,,,,,,,,,,,,10.350,11.250,11.240,6396200.000,0.085990,11.100,11.230,305320.000,1.000,1.000,10.350,,0.085990,0.022,0.022,0.016,0.016,0.023
83981,2002/04/17,,11,1,4931,13134710,CPN,CALPINE CORP,,CPN,,N,A,R,31726,0,1,4911,13134710,,,,,,,,,49.000,491.000,,,,,,,,,,,,,,,11.650,12.220,12.030,8183900.000,0.070285,11.920,12.140,305320.000,1.000,1.000,12.050,,0.070285,-0.002,-0.002,0.001,0.001,-0.002
83981,2002/04/18,,11,1,4931,13134710,CPN,CALPINE CORP,,CPN,,N,A,R,31726,0,1,4911,13134710,,,,,,,,,49.000,491.000,,,,,,,,,,,,,,,11.740,12.230,12.020,5565900.000,-0.000831,11.900,12.020,305320.000,1.000,1.000,12.100,,-0.000831,-0.002,-0.002,0.003,0.003,-0.001
83981,2002/04/19,,11,1,4931,13134710,CPN,CALPINE CORP,,CPN,,N,A,R,31726,0,1,4911,13134710,,,,,,,,,49.000,491.000,,,,,,,,,,,,,,,11.510,12.140,12.100,4568400.000,0.006656,11.990,12.110,305320.000,1.000,1.000,12.050,,0.006656,0.001,0.001,0.002,0.002,0.001
83981,2002/04/22,,11,1,4931,13134710,CPN,CALPINE CORP,,CPN,,N,A,R,31726,0,1,4911,13134710,,,,,,,,,49.000,491.000,,,,,,,,,,,,,,,11.570,12.080,11.910,5208700.000,-0.015703,11.900,12.020,305320.000,1.000,1.000,12.000,,-0.015703,-0.015,-0.015,-0.008,-0.008,-0.015
83981,2002/04/23,,11,1,4931,13134710,CPN,CALPINE CORP,,CPN,,N,A,R,31726,0,1,4911,13134710,,,,,,,,,49.000,491.000,,,,,,,,,,,,,,,12.720,13.550,13.330,22501900.000,0.119228,13.220,13.430,305320.000,1.000,1.000,13.420,,0.119228,-0.005,-0.005,-0.001,-0.001,-0.006
83981,2002/04/24,,11,1,4931,13134710,CPN,CALPINE CORP,,CPN,,N,A,R,31726,0,1,4911,13134710,,,,,,,,,49.000,491.000,,,,,,,,,,,,,,,11.450,12.250,11.800,25020100.000,-0.114779,11.800,11.920,305320.000,1.000,1.000,11.950,,-0.114779,-0.006,-0.006,-0.002,-0.002,-0.007
83981,2002/04/25,,11,1,4931,13134710,CPN,CALPINE CORP,,CPN,,N,A,R,31726,0,1,4911,13134710,,,,,,,,,49.000,491.000,,,,,,,,,,,,,,,10.900,11.600,10.910,30565300.000,-0.075424,10.890,10.930,305320.000,1.000,1.000,11.400,,-0.075424,-0.002,-0.002,-0.002,-0.002,-0.002
83981,2002/04/26,,11,1,4931,13134710,CPN,CALPINE CORP,,CPN,,N,A,R,31726,0,1,4911,13134710,,,,,,,,,49.000,491.000,,,,,,,,,,,,,,,10.500,11.200,10.620,14115000.000,-0.026581,10.540,10.640,305320.000,1.000,1.000,10.920,,-0.026581,-0.013,-0.014,-0.009,-0.009,-0.014
83981,2002/04/29,,11,1,4931,13134710,CPN,CALPINE CORP,,CPN,,N,A,R,31726,0,1,4911,13134710,,,,,,,,,49.000,491.000,,,,,,,,,,,,,,,10.250,10.850,10.310,9878500.000,-0.029190,10.310,10.320,305320.000,1.000,1.000,10.660,,-0.029190,-0.009,-0.009,-0.006,-0.006,-0.010
83981,2002/04/30,,11,1,4931,13134710,CPN,CALPINE CORP,,CPN,,N,A,R,31726,0,1,4911,13134710,,,,,,,,0.000,49.000,491.000,,,,,,,,,,,,,,,10.250,11.000,11.000,10297500.000,0.066925,10.850,10.920,373763.000,1.000,1.000,10.400,,0.066925,0.012,0.012,0.010,0.010,0.011
83981,2002/05/01,,11,1,4931,13134710,CPN,CALPINE CORP,,CPN,,N,A,R,31726,0,1,4911,13134710,,,,,,,,,49.000,491.000,,,,,,,,,,,,,,,10.300,11.030,10.320,7265000.000,-0.061818,10.320,10.450,373763.000,1.000,1.000,11.000,,-0.061818,0.008,0.007,0.001,0.001,0.009
83981,2002/05/02,,11,1,4931,13134710,CPN,CALPINE CORP,,CPN,,N,A,R,31726,0,1,4911,13134710,,,,,,,,,49.000,491.000,,,,,,,,,,,,,,,9.680,10.650,10.250,18406100.000,-0.006783,10.220,10.350,373763.000,1.000,1.000,10.510,,-0.006783,-0.002,-0.002,0.000,0.000,-0.002
83981,2002/05/03,,11,1,4931,13134710,CPN,CALPINE CORP,,CPN,,N,A,R,31726,0,1,4911,13134710,,,,,,,,,49.000,491.000,,,,,,,,,,,,,,,9.750,10.250,10.120,5013800.000,-0.012683,10.070,10.130,373763.000,1.000,1.000,10.150,,-0.012683,-0.009,-0.009,-0.002,-0.002,-0.010
83981,2002/05/06,,11,1,4931,13134710,CPN,CALPINE CORP,,CPN,,N,A,R,31726,0,1,4911,13134710,,,,,,,,,49.000,491.000,,,,,,,,,,,,,,,9.550,10.280,9.750,7935300.000,-0.036561,9.620,9.750,373763.000,1.000,1.000,10.020,,-0.036561,-0.018,-0.018,-0.011,-0.011,-0.019
83981,2002/05/07,,11,1,4931,13134710,CPN,CALPINE CORP,,CPN,,N,A,R,31726,0,1,4911,13134710,,,,,,,,,49.000,491.000,,,,,,,,,,,,,,,8.380,9.700,8.700,23468600.000,-0.107692,8.650,8.690,373763.000,1.000,1.000,9.700,,-0.107692,-0.004,-0.004,-0.006,-0.006,-0.003
83981,2002/05/08,,11,1,4931,13134710,CPN,CALPINE CORP,,CPN,,N,A,R,31726,0,1,4911,13134710,,,,,,,,,49.000,491.000,,,,,,,,,,,,,,,8.500,9.310,9.000,18216900.000,0.034483,8.870,9.100,373763.000,1.000,1.000,8.850,,0.034483,0.034,0.034,0.019,0.019,0.038
83981,2002/05/09,,11,1,4931,13134710,CPN,CALPINE CORP,,CPN,,N,A,R,31726,0,1,4911,13134710,,,,,,,,,49.000,491.000,,,,,,,,,,,,,,,8.750,9.730,9.150,6401300.000,0.016667,9.110,9.150,373763.000,1.000,1.000,8.850,,0.016667,-0.014,-0.014,-0.008,-0.008,-0.015
83981,2002/05/10,,11,1,4931,13134710,CPN,CALPINE CORP,,CPN,,N,A,R,31726,0,1,4911,13134710,,,,,,,,,49.000,491.000,,,,,,,,,,,,,,,8.550,9.400,8.550,8401900.000,-0.065574,8.510,8.670,373763.000,1.000,1.000,9.250,,-0.065574,-0.015,-0.015,-0.008,-0.008,-0.017
83981,2002/05/13,,11,1,4931,13134710,CPN,CALPINE CORP,,CPN,,N,A,R,31726,0,1,4911,13134710,,,,,,,,,49.000,491.000,,,,,,,,,,,,,,,8.400,8.930,8.850,6622200.000,0.035088,8.740,8.940,373763.000,1.000,1.000,8.650,,0.035088,0.017,0.017,0.007,0.007,0.019
83981,2002/05/14,,11,1,4931,13134710,CPN,CALPINE CORP,,CPN,,N,A,R,31726,0,1,4911,13134710,,,,,,,,,49.000,491.000,,,,,,,,,,,,,,,8.950,9.450,9.430,5592400.000,0.065537,9.200,9.390,373763.000,1.000,1.000,9.390,,0.065537,0.021,0.021,0.015,0.015,0.021
83981,2002/05/15,,11,1,4931,13134710,CPN,CALPINE CORP,,CPN,,N,A,R,31726,0,1,4911,13134710,,,,,,,,,49.000,491.000,,,,,,,,,,,,,,,8.810,9.500,8.810,4989600.000,-0.065748,8.820,8.840,373763.000,1.000,1.000,9.330,,-0.065748,-0.003,-0.004,0.001,0.001,-0.006
83981,2002/05/16,,11,1,4931,13134710,CPN,CALPINE CORP,,CPN,,N,A,R,31726,0,1,4911,13134710,,,,,,,,,49.000,491.000,,,,,,,,,,,,,,,8.700,9.130,8.700,5520900.000,-0.012486,8.690,8.890,373763.000,1.000,1.000,8.710,,-0.012486,0.004,0.003,-0.001,-0.001,0.007
83981,2002/05/17,,11,1,4931,13134710,CPN,CALPINE CORP,,CPN,,N,A,R,31726,0,1,4911,13134710,,,,,,,,,49.000,491.000,,,,,,,,,,,,,,,8.510,8.900,8.650,3961100.000,-0.005747,8.570,8.660,373763.000,1.000,1.000,8.810,,-0.005747,0.007,0.007,0.004,0.004,0.008
83981,2002/05/20,,11,1,4931,13134710,CPN,CALPINE CORP,,CPN,,N,A,R,31726,0,1,4911,13134710,,,,,,,,,49.000,491.000,,,,,,,,,,,,,,,8.600,9.320,9.170,6410500.000,0.060116,9.150,9.200,373763.000,1.000,1.000,8.660,,0.060116,-0.012,-0.012,-0.006,-0.006,-0.013
83981,2002/05/21,,11,1,4931,13134710,CPN,CALPINE CORP,,CPN,,N,A,R,31726,0,1,4911,13134710,,,,,,,,,49.000,491.000,,,,,,,,,,,,,,,9.020,9.490,9.160,5827200.000,-0.001091,9.100,9.260,373763.000,1.000,1.000,9.290,,-0.001091,-0.011,-0.011,-0.009,-0.009,-0.011
83981,2002/05/22,,11,1,4931,13134710,CPN,CALPINE CORP,,CPN,,N,A,R,31726,0,1,4911,13134710,,,,,,,,,49.000,491.000,,,,,,,,,,,,,,,9.020,9.390,9.350,3126000.000,0.020742,9.250,9.470,373763.000,1.000,1.000,9.170,,0.020742,0.004,0.004,-0.002,-0.002,0.006
83981,2002/05/23,,11,1,4931,13134710,CPN,CALPINE CORP,,CPN,,N,A,R,31726,0,1,4911,13134710,,,,,,,,,49.000,491.000,,,,,,,,,,,,,,,9.420,10.300,10.050,6885000.000,0.074866,10.010,10.140,373763.000,1.000,1.000,9.550,,0.074866,0.010,0.010,0.007,0.007,0.010
83981,2002/05/24,,11,1,4931,13134710,CPN,CALPINE CORP,,CPN,,N,A,R,31726,0,1,4911,13134710,,,,,,,,,49.000,491.000,,,,,,,,,,,,,,,9.900,10.490,10.310,7700300.000,0.025871,10.200,10.480,373763.000,1.000,1.000,10.400,,0.025871,-0.011,-0.011,-0.005,-0.005,-0.012
83981,2002/05/28,,11,1,4931,13134710,CPN,CALPINE CORP,,CPN,,N,A,R,31726,0,1,4911,13134710,,,,,,,,,49.000,491.000,,,,,,,,,,,,,,,10.000,10.650,10.210,4208500.000,-0.009699,10.100,10.390,373763.000,1.000,1.000,10.450,,-0.009699,-0.007,-0.007,-0.002,-0.002,-0.009
83981,2002/05/29,,11,1,4931,13134710,CPN,CALPINE CORP,,CPN,,N,A,R,31726,0,1,4911,13134710,,,,,,,,,49.000,491.000,,,,,,,,,,,,,,,9.620,10.100,9.820,5643500.000,-0.038198,9.760,9.810,373763.000,1.000,1.000,9.960,,-0.038198,-0.007,-0.007,-0.006,-0.006,-0.006
83981,2002/05/30,,11,1,4931,13134710,CPN,CALPINE CORP,,CPN,,N,A,R,31726,0,1,4911,13134710,,,,,,,,,49.000,491.000,,,,,,,,,,,,,,,9.400,9.850,9.640,4604200.000,-0.018330,9.610,9.650,373763.000,1.000,1.000,9.600,,-0.018330,-0.002,-0.002,-0.001,-0.001,-0.003
83981,2002/05/31,,11,1,4931,13134710,CPN,CALPINE CORP,,CPN,,N,A,R,31726,0,1,4911,13134710,,,,,,,,0.000,49.000,491.000,,,,,,,,,,,,,,,9.300,9.740,9.600,7089300.000,-0.004149,9.370,9.540,373912.000,1.000,1.000,9.540,,-0.004149,0.002,0.002,0.003,0.003,0.002
83981,2002/06/03,,11,1,4931,13134710,CPN,CALPINE CORP,,CPN,,N,A,R,31726,0,1,4911,13134710,,,,,,,,,49.000,491.000,,,,,,,,,,,,,,,8.400,9.470,8.480,10353700.000,-0.116667,8.400,8.480,373912.000,1.000,1.000,9.360,,-0.116667,-0.024,-0.024,-0.018,-0.018,-0.025
83981,2002/06/04,,11,1,4931,13134710,CPN,CALPINE CORP,,CPN,,N,A,R,31726,0,1,4911,13134710,,,,,,,,,49.000,491.000,,,,,,,,,,,,,,,8.510,9.100,9.070,6256800.000,0.069575,8.980,9.100,373912.000,1.000,1.000,8.510,,0.069575,-0.001,-0.001,-0.004,-0.004,0.000
83981,2002/06/05,,11,1,4931,13134710,CPN,CALPINE CORP,,CPN,,N,A,R,31726,0,1,4911,13134710,,,,,,,,,49.000,491.000,,,,,,,,,,,,,,,8.660,9.050,8.720,3648300.000,-0.038589,8.700,8.800,373912.000,1.000,1.000,9.050,,-0.038589,0.008,0.007,0.000,0.000,0.009
83981,2002/06/06,,11,1,4931,13134710,CPN,CALPINE CORP,,CPN,,N,A,R,31726,0,1,4911,13134710,,,,,,,,,49.000,491.000,,,,,,,,,,,,,,,8.500,8.870,8.600,3066500.000,-0.013761,8.560,8.650,373912.000,1.000,1.000,8.790,,-0.013761,-0.018,-0.018,-0.015,-0.015,-0.020
83981,2002/06/07,,11,1,4931,13134710,CPN,CALPINE CORP,,CPN,,N,A,R,31726,0,1,4911,13134710,,,,,,,,,49.000,491.000,,,,,,,,,,,,,,,8.280,8.580,8.400,4291300.000,-0.023256,8.370,8.390,373912.000,1.000,1.000,8.500,,-0.023256,-0.000,-0.000,0.002,0.002,-0.002
83981,2002/06/10,,11,1,4931,13134710,CPN,CALPINE CORP,,CPN,,N,A,R,31726,0,1,4911,13134710,,,,,,,,,49.000,491.000,,,,,,,,,,,,,,,7.930,8.540,7.980,7240800.000,-0.050000,7.970,7.970,373912.000,1.000,1.000,8.350,,-0.050000,0.002,0.002,-0.003,-0.003,0.003
83981,2002/06/11,,11,1,4931,13134710,CPN,CALPINE CORP,,CPN,,N,A,R,31726,0,1,4911,13134710,,,,,,,,,49.000,491.000,,,,,,,,,,,,,,,7.570,8.100,7.850,7567900.000,-0.016291,7.750,7.800,373912.000,1.000,1.000,8.000,,-0.016291,-0.016,-0.016,-0.009,-0.009,-0.017
83981,2002/06/12,,11,1,4931,13134710,CPN,CALPINE CORP,,CPN,,N,A,R,31726,0,1,4911,13134710,,,,,,,,,49.000,491.000,,,,,,,,,,,,,,,7.341,7.940,7.760,6815500.000,-0.011465,7.710,7.800,373912.000,1.000,1.000,7.650,,-0.011465,0.005,0.004,-0.004,-0.005,0.007
83981,2002/06/13,,11,1,4931,13134710,CPN,CALPINE CORP,,CPN,,N,A,R,31726,0,1,4911,13134710,,,,,,,,,49.000,491.000,,,,,,,,,,,,,,,7.650,8.340,8.140,6090300.000,0.048969,8.110,8.180,373912.000,1.000,1.000,7.860,,0.048969,-0.010,-0.010,-0.007,-0.007,-0.010
83981,2002/06/14,,11,1,4931,13134710,CPN,CALPINE CORP,,CPN,,N,A,R,31726,0,1,4911,13134710,,,,,,,,,49.000,491.000,,,,,,,,,,,,,,,7.760,8.380,8.350,4122800.000,0.025799,8.310,8.350,373912.000,1.000,1.000,7.950,,0.025799,-0.001,-0.001,0.000,0.000,-0.002
83981,2002/06/17,,11,1,4931,13134710,CPN,CALPINE CORP,,CPN,,N,A,R,31726,0,1,4911,13134710,,,,,,,,,49.000,491.000,,,,,,,,,,,,,,,8.410,9.150,9.070,5459900.000,0.086227,9.000,9.100,373912.000,1.000,1.000,8.410,,0.086227,0.027,0.027,0.015,0.015,0.029
83981,2002/06/18,,11,1,4931,13134710,CPN,CALPINE CORP,,CPN,,N,A,R,31726,0,1,4911,13134710,,,,,,,,,49.000,491.000,,,,,,,,,,,,,,,8.980,9.560,9.000,6770000.000,-0.007718,8.950,9.010,373912.000,1.000,1.000,9.100,,-0.007718,0.000,0.000,-0.000,-0.001,0.001
83981,2002/06/19,,11,1,4931,13134710,CPN,CALPINE CORP,,CPN,,N,A,R,31726,0,1,4911,13134710,,,,,,,,,49.000,491.000,,,,,,,,,,,,,,,8.650,9.280,8.800,3286700.000,-0.022222,8.810,8.880,373912.000,1.000,1.000,9.050,,-0.022222,-0.016,-0.016,-0.014,-0.015,-0.017
83981,2002/06/20,,11,1,4931,13134710,CPN,CALPINE CORP,,CPN,,N,A,R,31726,0,1,4911,13134710,,,,,,,,,49.000,491.000,,,,,,,,,,,,,,,7.400,8.990,7.780,5957200.000,-0.115909,7.730,7.800,373912.000,1.000,1.000,8.770,,-0.115909,-0.013,-0.013,-0.004,-0.004,-0.013
83981,2002/06/21,,11,1,4931,13134710,CPN,CALPINE CORP,,CPN,,N,A,R,31726,0,1,4911,13134710,,,,,,,,,49.000,491.000,,,,,,,,,,,,,,,7.580,8.170,7.640,7637500.000,-0.017995,7.600,7.630,373912.000,1.000,1.000,7.610,,-0.017995,-0.014,-0.014,-0.002,-0.002,-0.017
83981,2002/06/24,,11,1,4931,13134710,CPN,CALPINE CORP,,CPN,,N,A,R,31726,0,1,4911,13134710,,,,,,,,,49.000,491.000,,,,,,,,,,,,,,,7.060,7.650,7.340,6674500.000,-0.039267,7.290,7.450,373912.000,1.000,1.000,7.550,,-0.039267,0.001,0.001,-0.005,-0.005,0.004
83981,2002/06/25,,11,1,4931,13134710,CPN,CALPINE CORP,,CPN,,N,A,R,31726,0,1,4911,13134710,,,,,,,,,49.000,491.000,,,,,,,,,,,,,,,6.450,7.500,6.450,10662900.000,-0.121253,6.370,6.510,373912.000,1.000,1.000,7.430,,-0.121253,-0.015,-0.015,-0.008,-0.008,-0.017
83981,2002/06/26,,11,1,4931,13134710,CPN,CALPINE CORP,,CPN,,N,A,R,31726,0,1,4911,13134710,,,,,,,,,49.000,491.000,,,,,,,,,,,,,,,5.510,6.290,5.840,22087300.000,-0.094574,5.770,5.870,373912.000,1.000,1.000,5.950,,-0.094574,-0.003,-0.004,-0.008,-0.009,-0.003
83981,2002/06/27,,11,1,4931,13134710,CPN,CALPINE CORP,,CPN,,N,A,R,31726,0,1,4911,13134710,,,,,,,,,49.000,491.000,,,,,,,,,,,,,,,5.300,6.400,6.380,15122900.000,0.092466,6.300,6.420,373912.000,1.000,1.000,6.030,,0.092466,0.016,0.016,0.012,0.011,0.018
83981,2002/06/28,,11,1,4931,13134710,CPN,CALPINE CORP,,CPN,,N,A,R,31726,0,1,4911,13134710,,,,,,,,0.000,49.000,491.000,,,,,,,,,,,,,,,6.230,7.050,7.030,10340600.000,0.101881,6.890,6.990,373912.000,1.000,1.000,6.340,,0.101881,0.002,0.002,0.012,0.012,-0.001
83981,2002/07/01,,11,1,4931,13134710,CPN,CALPINE CORP,,CPN,,N,A,R,31726,0,1,4911,13134710,,,,,,,,,49.000,491.000,,,,,,,,,,,,,,,6.200,7.290,6.340,9104000.000,-0.098151,6.290,6.390,373912.000,1.000,1.000,7.020,,-0.098151,-0.022,-0.022,-0.019,-0.019,-0.021
83981,2002/07/02,,11,1,4931,13134710,CPN,CALPINE CORP,,CPN,,N,A,R,31726,0,1,4911,13134710,,,,,,,,,49.000,491.000,,,,,,,,,,,,,,,6.010,6.570,6.150,4470700.000,-0.029968,6.070,6.170,373912.000,1.000,1.000,6.340,,-0.029968,-0.022,-0.023,-0.023,-0.023,-0.021
83981,2002/07/03,,11,1,4931,13134710,CPN,CALPINE CORP,,CPN,,N,A,R,31726,0,1,4911,13134710,,,,,,,,,49.000,491.000,,,,,,,,,,,,,,,6.100,6.700,6.510,6444200.000,0.058537,6.400,6.560,373912.000,1.000,1.000,6.150,,0.058537,0.004,0.004,-0.005,-0.005,0.006
83981,2002/07/05,,11,1,4931,13134710,CPN,CALPINE CORP,,CPN,,N,A,R,31726,0,1,4911,13134710,,,,,,,,,49.000,491.000,,,,,,,,,,,,,,,6.500,6.870,6.500,2367700.000,-0.001536,6.460,6.520,373912.000,1.000,1.000,6.850,,-0.001536,0.034,0.034,0.022,0.022,0.037
83981,2002/07/08,,11,1,4931,13134710,CPN,CALPINE CORP,,CPN,,N,A,R,31726,0,1,4911,13134710,,,,,,,,,49.000,491.000,,,,,,,,,,,,,,,6.140,6.740,6.210,3692000.000,-0.044615,6.200,6.260,373912.000,1.000,1.000,6.680,,-0.044615,-0.011,-0.012,-0.008,-0.008,-0.012
83981,2002/07/09,,11,1,4931,13134710,CPN,CALPINE CORP,,CPN,,N,A,R,31726,0,1,4911,13134710,,,,,,,,,49.000,491.000,,,,,,,,,,,,,,,5.750,6.370,5.880,7624800.000,-0.053140,5.880,6.010,373912.000,1.000,1.000,6.120,,-0.053140,-0.022,-0.022,-0.007,-0.007,-0.025
83981,2002/07/10,,11,1,4931,13134710,CPN,CALPINE CORP,,CPN,,N,A,R,31726,0,1,4911,13134710,,,,,,,,,49.000,491.000,,,,,,,,,,,,,,,5.350,6.120,5.350,8710100.000,-0.090136,5.350,5.470,373912.000,1.000,1.000,6.000,,-0.090136,-0.030,-0.030,-0.016,-0.016,-0.034
83981,2002/07/11,,11,1,4931,13134710,CPN,CALPINE CORP,,CPN,,N,A,R,31726,0,1,4911,13134710,,,,,,,,,49.000,491.000,,,,,,,,,,,,,,,5.200,5.960,5.530,11009000.000,0.033645,5.550,5.600,373912.000,1.000,1.000,5.500,,0.033645,0.005,0.005,-0.004,-0.004,0.007
83981,2002/07/12,,11,1,4931,13134710,CPN,CALPINE CORP,,CPN,,N,A,R,31726,0,1,4911,13134710,,,,,,,,,49.000,491.000,,,,,,,,,,,,,,,5.320,5.720,5.520,7211300.000,-0.001808,5.440,5.520,373912.000,1.000,1.000,5.680,,-0.001808,-0.006,-0.006,-0.002,-0.002,-0.006
83981,2002/07/15,,11,1,4931,13134710,CPN,CALPINE CORP,,CPN,,N,A,R,31726,0,1,4911,13134710,,,,,,,,,49.000,491.000,,,,,,,,,,,,,,,5.020,5.490,5.320,8160800.000,-0.036232,5.310,5.390,373912.000,1.000,1.000,5.480,,-0.036232,-0.005,-0.005,-0.010,-0.010,-0.004
83981,2002/07/16,,11,1,4931,13134710,CPN,CALPINE CORP,,CPN,,N,A,R,31726,0,1,4911,13134710,,,,,,,,,49.000,491.000,,,,,,,,,,,,,,,5.150,5.690,5.310,6735200.000,-0.001880,5.320,5.370,373912.000,1.000,1.000,5.420,,-0.001880,-0.014,-0.014,-0.000,-0.000,-0.018
83981,2002/07/17,,11,1,4931,13134710,CPN,CALPINE CORP,,CPN,,N,A,R,31726,0,1,4911,13134710,,,,,,,,,49.000,491.000,,,,,,,,,,,,,,,5.250,6.000,5.300,6095300.000,-0.001883,5.310,5.330,373912.000,1.000,1.000,5.410,,-0.001883,0.006,0.006,0.005,0.005,0.006
83981,2002/07/18,,11,1,4931,13134710,CPN,CALPINE CORP,,CPN,,N,A,R,31726,0,1,4911,13134710,,,,,,,,,49.000,491.000,,,,,,,,,,,,,,,4.860,5.360,4.910,6765400.000,-0.073585,4.920,4.930,373912.000,1.000,1.000,5.300,,-0.073585,-0.025,-0.025,-0.014,-0.014,-0.027
83981,2002/07/19,,11,1,4931,13134710,CPN,CALPINE CORP,,CPN,,N,A,R,31726,0,1,4911,13134710,,,,,,,,,49.000,491.000,,,,,,,,,,,,,,,4.130,4.900,4.750,13916600.000,-0.032587,4.630,4.750,373912.000,1.000,1.000,4.810,,-0.032587,-0.033,-0.033,-0.019,-0.019,-0.038
83981,2002/07/22,,11,1,4931,13134710,CPN,CALPINE CORP,,CPN,,N,A,R,31726,0,1,4911,13134710,,,,,,,,,49.000,491.000,,,,,,,,,,,,,,,4.000,4.610,4.080,10274600.000,-0.141053,4.050,4.090,373912.000,1.000,1.000,4.600,,-0.141053,-0.032,-0.032,-0.021,-0.021,-0.033
83981,2002/07/23,,11,1,4931,13134710,CPN,CALPINE CORP,,CPN,,N,A,R,31726,0,1,4911,13134710,,,,,,,,,49.000,491.000,,,,,,,,,,,,,,,2.600,4.020,3.120,24439700.000,-0.235294,3.090,3.130,373912.000,1.000,1.000,4.010,,-0.235294,-0.030,-0.030,-0.031,-0.031,-0.027
83981,2002/07/24,,11,1,4931,13134710,CPN,CALPINE CORP,,CPN,,N,A,R,31726,0,1,4911,13134710,,,,,,,,,49.000,491.000,,,,,,,,,,,,,,,2.940,3.950,3.800,19015100.000,0.217949,3.700,3.890,373912.000,1.000,1.000,3.120,,0.217949,0.052,0.052,0.018,0.018,0.057
83981,2002/07/25,,11,1,4931,13134710,CPN,CALPINE CORP,,CPN,,N,A,R,31726,0,1,4911,13134710,,,,,,,,,49.000,491.000,,,,,,,,,,,,,,,3.610,4.450,4.060,13664800.000,0.068421,4.050,4.090,373912.000,1.000,1.000,4.050,,0.068421,-0.006,-0.006,-0.003,-0.003,-0.006
83981,2002/07/26,,11,1,4931,13134710,CPN,CALPINE CORP,,CPN,,N,A,R,31726,0,1,4911,13134710,,,,,,,,,49.000,491.000,,,,,,,,,,,,,,,3.500,4.090,4.000,9577600.000,-0.014778,3.920,3.960,373912.000,1.000,1.000,4.060,,-0.014778,0.015,0.015,0.007,0.007,0.017
83981,2002/07/29,,11,1,4931,13134710,CPN,CALPINE CORP,,CPN,,N,A,R,31726,0,1,4911,13134710,,,,,,,,,49.000,491.000,,,,,,,,,,,,,,,4.000,4.350,4.050,6448000.000,0.012500,3.950,4.160,373912.000,1.000,1.000,4.000,,0.012500,0.053,0.053,0.035,0.035,0.054
83981,2002/07/30,,11,1,4931,13134710,CPN,CALPINE CORP,,CPN,,N,A,R,31726,0,1,4911,13134710,,,,,,,,,49.000,491.000,,,,,,,,,,,,,,,3.750,4.810,4.660,11168300.000,0.150617,4.550,4.760,373912.000,1.000,1.000,4.280,,0.150617,0.005,0.005,0.005,0.005,0.004
83981,2002/07/31,,11,1,4931,13134710,CPN,CALPINE CORP,,CPN,,N,A,R,31726,0,1,4911,13134710,,,,,,,,0.000,49.000,491.000,,,,,,,,,,,,,,,4.700,5.250,4.970,10698600.000,0.066524,4.860,4.890,373912.000,1.000,1.000,4.900,,0.066524,0.006,0.005,-0.004,-0.004,0.010
83981,2002/08/01,,11,1,4931,13134710,CPN,CALPINE CORP,,CPN,,N,A,R,31726,0,1,4911,13134710,,,,,,,,,49.000,491.000,,,,,,,,,,,,,,,4.190,5.340,4.200,22671600.000,-0.154930,4.200,4.330,373912.000,1.000,1.000,5.200,,-0.154930,-0.026,-0.026,-0.009,-0.009,-0.030
83981,2002/08/02,,11,1,4931,13134710,CPN,CALPINE CORP,,CPN,,N,A,R,31726,0,1,4911,13134710,,,,,,,,,49.000,491.000,,,,,,,,,,,,,,,3.340,4.050,3.700,20083200.000,-0.119048,3.640,3.800,373912.000,1.000,1.000,3.910,,-0.119048,-0.023,-0.023,-0.018,-0.018,-0.023
83981,2002/08/05,,11,1,4931,13134710,CPN,CALPINE CORP,,CPN,,N,A,R,31726,0,1,4911,13134710,,,,,,,,,49.000,491.000,,,,,,,,,,,,,,,3.250,3.640,3.320,8605900.000,-0.102703,3.300,3.320,373912.000,1.000,1.000,3.520,,-0.102703,-0.033,-0.033,-0.021,-0.021,-0.034
