PERMNO,date,NAMEENDT,SHRCD,EXCHCD,SICCD,NCUSIP,TICKER,COMNAM,SHRCLS,TSYMBOL,NAICS,PRIMEXCH,TRDSTAT,SECSTAT,PERMCO,ISSUNO,HEXCD,HSICCD,CUSIP,DCLRDT,DLAMT,DLPDT,DLSTCD,NEXTDT,PAYDT,RCRDDT,SHRFLG,HSICMG,HSICIG,DISTCD,DIVAMT,FACPR,FACSHR,ACPERM,ACCOMP,NWPERM,DLRETX,DLPRC,DLRET,TRTSCD,NMSIND,MMCNT,NSDINX,BIDLO,ASKHI,PRC,VOL,RET,BID,ASK,SHROUT,CFACPR,CFACSHR,OPENPRC,NUMTRD,RETX,vwretd,vwretx,ewretd,ewretx,sprtrn
23660,2001/01/02,,11,3,2320,17290810,CTAS,CINTAS CORP,,CTAS,,Q,A,R,6304,7937,3,2320,17290810,,,,,,,,,,,,,,,,,,,,,,,,,49.750,53.250,50.375,1539056.000,-0.052879,50.312,50.375,168757.000,1.000,1.000,53.250,2668.000,-0.052879,-0.034,-0.034,-0.001,-0.001,-0.028
23660,2001/01/03,,11,3,2320,17290810,CTAS,CINTAS CORP,,CTAS,,Q,A,R,6304,7937,3,2320,17290810,,,,,,,,,,,,,,,,,,,,,,,,,49.625,51.875,50.062,1885326.000,-0.006203,50.062,50.000,168757.000,1.000,1.000,50.562,3013.000,-0.006203,0.053,0.053,0.046,0.046,0.050
23660,2001/01/04,,11,3,2320,17290810,CTAS,CINTAS CORP,,CTAS,,Q,A,R,6304,7937,3,2320,17290810,,,,,,,,,,,,,,,,,,,,,,,,,49.000,50.438,49.750,1648451.000,-0.006242,49.750,49.812,168757.000,1.000,1.000,49.562,2300.000,-0.006242,-0.012,-0.012,0.011,0.011,-0.011
23660,2001/01/05,,11,3,2320,17290810,CTAS,CINTAS CORP,,CTAS,,Q,A,R,6304,7937,3,2320,17290810,,,,,,,,,,,,,,,,,,,,,,,,,47.500,49.688,47.562,1932137.000,-0.043970,47.562,47.625,168757.000,1.000,1.000,49.625,2534.000,-0.043970,-0.029,-0.029,-0.009,-0.009,-0.026
23660,2001/01/08,,11,3,2320,17290810,CTAS,CINTAS CORP,,CTAS,,Q,A,R,6304,7937,3,2320,17290810,,,,,,,,,,,,,,,,,,,,,,,,,47.000,49.125,48.000,1194759.000,0.009198,48.000,48.375,168757.000,1.000,1.000,47.688,2140.000,0.009198,-0.003,-0.004,-0.005,-0.005,-0.002
23660,2001/01/09,,11,3,2320,17290810,CTAS,CINTAS CORP,,CTAS,,Q,A,R,6304,7937,3,2320,17290810,,,,,,,,,,,,,,,,,,,,,,,,,47.250,49.812,49.750,1179097.000,0.036458,49.688,49.750,168757.000,1.000,1.000,48.500,2229.000,0.036458,0.005,0.005,0.012,0.012,0.004
23660,2001/01/10,,11,3,2320,17290810,CTAS,CINTAS CORP,,CTAS,,Q,A,R,6304,7937,3,2320,17290810,,,,,,,,,,,,,,,,,,,,,,,,,47.000,49.562,48.500,1231155.000,-0.025126,48.500,48.562,168757.000,1.000,1.000,49.500,2739.000,-0.025126,0.014,0.014,0.021,0.020,0.010
23660,2001/01/11,,11,3,2320,17290810,CTAS,CINTAS CORP,,CTAS,,Q,A,R,6304,7937,3,2320,17290810,,,,,,,,,,,,,,,,,,,,,,,,,45.438,48.875,46.625,1352682.000,-0.038660,46.562,46.625,168757.000,1.000,1.000,48.500,2621.000,-0.038660,0.015,0.015,0.027,0.027,0.010
23660,2001/01/12,,11,3,2320,17290810,CTAS,CINTAS CORP,,CTAS,,Q,A,R,6304,7937,3,2320,17290810,,,,,,,,0.000,,,,,,,,,,,,,1.000,2.000,34.000,2.000,43.438,45.750,44.438,2296516.000,-0.046917,44.438,44.500,168757.000,1.000,1.000,45.750,3010.000,-0.046917,-0.004,-0.004,0.019,0.019,-0.006
23660,2001/01/16,,11,3,2320,17290810,CTAS,CINTAS CORP,,CTAS,,Q,A,R,6304,7937,3,2320,17290810,,,,,,,,,,,,,,,,,,,,,,,,,43.875,45.500,45.000,958830.000,0.012658,44.938,45.000,168757.000,1.000,1.000,44.625,2022.000,0.012658,0.006,0.006,0.019,0.019,0.006
23660,2001/01/17,,11,3,2320,17290810,CTAS,CINTAS CORP,,CTAS,,Q,A,R,6304,7937,3,2320,17290810,,,,,,,,0.000,,,,,,,,,,,,,1.000,2.000,35.000,2.000,44.875,47.188,46.062,1535491.000,0.023611,46.000,46.062,168757.000,1.000,1.000,45.500,2124.000,0.023611,0.004,0.004,0.013,0.013,0.002
23660,2001/01/18,,11,3,2320,17290810,CTAS,CINTAS CORP,,CTAS,,Q,A,R,6304,7937,3,2320,17290810,,,,,,,,,,,,,,,,,,,,,,,,,45.500,46.250,46.188,1095988.000,0.002714,46.125,46.188,168757.000,1.000,1.000,46.188,1877.000,0.002714,0.012,0.012,0.009,0.008,0.014
23660,2001/01/19,,11,3,2320,17290810,CTAS,CINTAS CORP,,CTAS,,Q,A,R,6304,7937,3,2320,17290810,,,,,,,,,,,,,,,,,,,,,,,,,44.938,47.312,46.812,1075971.000,0.013532,46.750,46.812,168757.000,1.000,1.000,46.484,2154.000,0.013532,-0.004,-0.004,0.004,0.004,-0.004
23660,2001/01/22,,11,3,2320,17290810,CTAS,CINTAS CORP,,CTAS,,Q,A,R,6304,7937,3,2320,17290810,,,,,,,,0.000,,,,,,,,,,,,,1.000,2.000,34.000,2.000,45.000,47.625,45.812,628953.000,-0.021362,45.812,45.875,168757.000,1.000,1.000,46.625,1859.000,-0.021362,0.000,0.000,0.005,0.005,0.000
23660,2001/01/23,,11,3,2320,17290810,CTAS,CINTAS CORP,,CTAS,,Q,A,R,6304,7937,3,2320,17290810,,,,,,,,,,,,,,,,,,,,,,,,,45.375,47.688,47.625,772788.000,0.039563,47.562,47.625,168757.000,1.000,1.000,45.812,1494.000,0.039563,0.016,0.016,0.015,0.015,0.013
23660,2001/01/24,,11,3,2320,17290810,CTAS,CINTAS CORP,,CTAS,,Q,A,R,6304,7937,3,2320,17290810,,,,,,,,,,,,,,,,,,,,,,,,,45.500,47.312,46.250,775669.000,-0.028871,46.188,46.250,168757.000,1.000,1.000,47.250,1842.000,-0.028871,0.003,0.003,0.007,0.007,0.003
23660,2001/01/25,,11,3,2320,17290810,CTAS,CINTAS CORP,,CTAS,,Q,A,R,6304,7937,3,2320,17290810,,,,,,,,,,,,,,,,,,,,,,,,,46.250,49.188,47.688,865266.000,0.031081,47.688,47.688,168757.000,1.000,1.000,46.875,1935.000,0.031081,-0.008,-0.008,-0.003,-0.003,-0.005
23660,2001/01/26,,11,3,2320,17290810,CTAS,CINTAS CORP,,CTAS,,Q,A,R,6304,7937,3,2320,17290810,,,,,,,,,,,,,,,,,,,,,,,,,46.875,49.000,48.500,643375.000,0.017038,48.438,48.500,168757.000,1.000,1.000,48.312,1628.000,0.017038,-0.001,-0.001,0.002,0.002,-0.002
23660,2001/01/29,,11,3,2320,17290810,CTAS,CINTAS CORP,,CTAS,,Q,A,R,6304,7937,3,2320,17290810,,,,,,,,0.000,,,,,,,,,,,,,1.000,2.000,33.000,2.000,47.625,49.625,49.500,560394.000,0.020619,49.500,49.625,168757.000,1.000,1.000,48.250,1292.000,0.020619,0.009,0.009,0.010,0.010,0.007
23660,2001/01/30,,11,3,2320,17290810,CTAS,CINTAS CORP,,CTAS,,Q,A,R,6304,7937,3,2320,17290810,,,,,,,,0.000,,,,,,,,,,,,,1.000,2.000,34.000,2.000,46.875,49.000,47.438,977754.000,-0.041667,47.438,47.500,168757.000,1.000,1.000,48.625,1659.000,-0.041667,0.007,0.007,0.010,0.009,0.007
23660,2001/01/31,,11,3,2320,17290810,CTAS,CINTAS CORP,,CTAS,,Q,A,R,6304,7937,3,2320,17290810,2001/01/16,,,,,2001/03/26,2001/02/02,0.000,,,1252.000,0.220,0.000,0.000,,,,,,,1.000,2.000,34.000,2.000,45.875,47.750,46.688,1146322.000,-0.011173,46.688,46.750,168757.000,1.000,1.000,47.500,2137.000,-0.015810,-0.007,-0.007,-0.000,-0.000,-0.006
23660,2001/02/01,,11,3,2320,17290810,CTAS,CINTAS CORP,,CTAS,,Q,A,R,6304,7937,3,2320,17290810,,,,,,,,,,,,,,,,,,,,,,,,,44.562,46.688,45.438,1315116.000,-0.026774,45.375,45.438,168757.000,1.000,1.000,46.422,2101.000,-0.026774,0.004,0.004,0.002,0.002,0.005
23660,2001/02/02,,11,3,2320,17290810,CTAS,CINTAS CORP,,CTAS,,Q,A,R,6304,7937,3,2320,17290810,,,,,,,,0.000,,,,,,,,,,,,,1.000,2.000,33.000,2.000,44.000,46.500,44.000,873226.000,-0.031637,44.000,44.062,168757.000,1.000,1.000,45.016,1448.000,-0.031637,-0.019,-0.019,-0.009,-0.009,-0.017
23660,2001/02/05,,11,3,2320,17290810,CTAS,CINTAS CORP,,CTAS,,Q,A,R,6304,7937,3,2320,17290810,,,,,,,,0.000,,,,,,,,,,,,,1.000,2.000,36.000,2.000,44.188,46.000,45.500,773184.000,0.034091,45.500,45.562,168757.000,1.000,1.000,44.625,1706.000,0.034091,0.002,0.002,-0.004,-0.004,0.004
23660,2001/02/06,,11,3,2320,17290810,CTAS,CINTAS CORP,,CTAS,,Q,A,R,6304,7937,3,2320,17290810,,,,,,,,0.000,,,,,,,,,,,,,1.000,2.000,35.000,2.000,45.438,47.312,45.625,783638.000,0.002747,45.625,45.625,168757.000,1.000,1.000,45.500,1685.000,0.002747,0.000,0.000,0.002,0.002,-0.002
23660,2001/02/07,,11,3,2320,17290810,CTAS,CINTAS CORP,,CTAS,,Q,A,R,6304,7937,3,2320,17290810,,,,,,,,,,,,,,,,,,,,,,,,,45.875,47.250,46.750,936696.000,0.024658,46.750,46.812,168757.000,1.000,1.000,45.938,1624.000,0.024658,-0.009,-0.009,-0.004,-0.004,-0.008
23660,2001/02/08,,11,3,2320,17290810,CTAS,CINTAS CORP,,CTAS,,Q,A,R,6304,7937,3,2320,17290810,,,,,,,,,,,,,,,,,,,,,,,,,46.750,48.438,46.875,654131.000,0.002674,46.875,47.000,168757.000,1.000,1.000,47.438,1612.000,0.002674,-0.006,-0.007,-0.003,-0.003,-0.006
23660,2001/02/09,,11,3,2320,17290810,CTAS,CINTAS CORP,,CTAS,,Q,A,R,6304,7937,3,2320,17290810,,,,,,,,,,,,,,,,,,,,,,,,,46.688,48.938,47.875,957662.000,0.021333,47.812,47.875,168757.000,1.000,1.000,46.812,1817.000,0.021333,-0.014,-0.014,-0.009,-0.009,-0.013
23660,2001/02/12,,11,3,2320,17290810,CTAS,CINTAS CORP,,CTAS,,Q,A,R,6304,7937,3,2320,17290810,,,,,,,,0.000,,,,,,,,,,,,,1.000,2.000,36.000,2.000,47.312,49.062,48.000,825973.000,0.002611,48.000,47.875,168757.000,1.000,1.000,47.938,1767.000,0.002611,0.010,0.010,0.005,0.005,0.012
23660,2001/02/13,,11,3,2320,17290810,CTAS,CINTAS CORP,,CTAS,,Q,A,R,6304,7937,3,2320,17290810,,,,,,,,,,,,,,,,,,,,,,,,,46.000,48.500,46.125,936253.000,-0.039063,46.125,46.188,168757.000,1.000,1.000,48.250,1881.000,-0.039063,-0.009,-0.009,-0.003,-0.004,-0.009
23660,2001/02/14,,11,3,2320,17290810,CTAS,CINTAS CORP,,CTAS,,Q,A,R,6304,7937,3,2320,17290810,,,,,,,,,,,,,,,,,,,,,,,,,45.000,46.750,46.562,737609.000,0.009485,46.500,46.562,168757.000,1.000,1.000,46.297,1633.000,0.009485,-0.000,-0.000,-0.000,-0.001,-0.002
23660,2001/02/15,,11,3,2320,17290810,CTAS,CINTAS CORP,,CTAS,,Q,A,R,6304,7937,3,2320,17290810,,,,,,,,,,,,,,,,,,,,,,,,,45.500,47.875,46.125,693580.000,-0.009396,46.062,46.125,168757.000,1.000,1.000,47.188,1496.000,-0.009396,0.009,0.009,0.009,0.009,0.008
23660,2001/02/16,,11,3,2320,17290810,CTAS,CINTAS CORP,,CTAS,,Q,A,R,6304,7937,3,2320,17290810,,,,,,,,,,,,,,,,,,,,,,,,,44.750,46.875,44.797,653931.000,-0.028794,44.812,44.875,168757.000,1.000,1.000,45.250,1504.000,-0.028794,-0.021,-0.021,-0.014,-0.014,-0.019
23660,2001/02/20,,11,3,2320,17290810,CTAS,CINTAS CORP,,CTAS,,Q,A,R,6304,7937,3,2320,17290810,,,,,,,,,,,,,,,,,,,,,,,,,44.875,45.938,45.000,910922.000,0.004534,44.938,45.000,168757.000,1.000,1.000,45.375,1347.000,0.004534,-0.019,-0.019,-0.012,-0.012,-0.017
23660,2001/02/21,,11,3,2320,17290810,CTAS,CINTAS CORP,,CTAS,,Q,A,R,6304,7937,3,2320,17290810,,,,,,,,0.000,,,,,,,,,,,,,1.000,2.000,37.000,2.000,44.750,47.000,45.125,897292.000,0.002778,45.062,45.125,168757.000,1.000,1.000,45.438,2067.000,0.002778,-0.018,-0.018,-0.016,-0.016,-0.019
23660,2001/02/22,,11,3,2320,17290810,CTAS,CINTAS CORP,,CTAS,,Q,A,R,6304,7937,3,2320,17290810,,,,,,,,,,,,,,,,,,,,,,,,,44.375,46.750,44.812,1427334.000,-0.006925,44.750,44.812,168757.000,1.000,1.000,45.875,2835.000,-0.006925,-0.005,-0.005,-0.011,-0.011,-0.002
23660,2001/02/23,,11,3,2320,17290810,CTAS,CINTAS CORP,,CTAS,,Q,A,R,6304,7937,3,2320,17290810,,,,,,,,0.000,,,,,,,,,,,,,1.000,2.000,38.000,2.000,42.375,45.062,43.375,1372024.000,-0.032078,43.312,43.375,168757.000,1.000,1.000,44.938,2352.000,-0.032078,-0.004,-0.004,-0.003,-0.003,-0.006
23660,2001/02/26,,11,3,2320,17290810,CTAS,CINTAS CORP,,CTAS,,Q,A,R,6304,7937,3,2320,17290810,,,,,,,,,,,,,,,,,,,,,,,,,43.250,46.000,45.938,1004464.000,0.059078,45.875,45.938,168757.000,1.000,1.000,43.750,1914.000,0.059078,0.019,0.019,0.016,0.016,0.017
23660,2001/02/27,,11,3,2320,17290810,CTAS,CINTAS CORP,,CTAS,,Q,A,R,6304,7937,3,2320,17290810,,,,,,,,0.000,,,,,,,,,,,,,1.000,2.000,39.000,2.000,42.250,45.938,42.750,1686258.000,-0.069388,42.750,42.750,168757.000,1.000,1.000,45.750,2635.000,-0.069388,-0.012,-0.012,-0.012,-0.012,-0.008
23660,2001/02/28,,11,3,2320,17290810,CTAS,CINTAS CORP,,CTAS,,Q,A,R,6304,7937,3,2320,17290810,,,,,,,,0.000,,,,,,,,,,,,,1.000,2.000,44.000,2.000,35.500,41.125,36.016,44403115.000,-0.157529,36.750,36.438,168985.000,1.000,1.000,40.938,21680.000,-0.157529,-0.014,-0.014,-0.008,-0.008,-0.014
23660,2001/03/01,,11,3,2320,17290810,CTAS,CINTAS CORP,,CTAS,,Q,A,R,6304,7937,3,2320,17290810,,,,,,,,,,,,,,,,,,,,,,,,,35.812,38.938,37.125,6819271.000,0.030803,37.125,37.188,168985.000,1.000,1.000,35.875,6617.000,0.030803,0.000,0.000,-0.006,-0.006,0.001
23660,2001/03/02,,11,3,2320,17290810,CTAS,CINTAS CORP,,CTAS,,Q,A,R,6304,7937,3,2320,17290810,,,,,,,,,,,,,,,,,,,,,,,,,36.250,37.391,36.688,2199302.000,-0.011785,36.625,36.688,168985.000,1.000,1.000,37.188,3203.000,-0.011785,-0.005,-0.005,0.005,0.005,-0.006
23660,2001/03/05,,11,3,2320,17290810,CTAS,CINTAS CORP,,CTAS,,Q,A,R,6304,7937,3,2320,17290810,,,,,,,,0.000,,,,,,,,,,,,,1.000,2.000,43.000,2.000,35.375,36.625,36.438,1615754.000,-0.006814,36.375,36.438,168985.000,1.000,1.000,36.250,2238.000,-0.006814,0.005,0.005,0.002,0.002,0.006
23660,2001/03/06,,11,3,2320,17290810,CTAS,CINTAS CORP,,CTAS,,Q,A,R,6304,7937,3,2320,17290810,,,,,,,,0.000,,,,,,,,,,,,,1.000,2.000,42.000,2.000,36.000,38.250,37.500,1527913.000,0.029160,37.438,37.500,168985.000,1.000,1.000,36.406,2211.000,0.029160,0.011,0.011,0.010,0.010,0.010
23660,2001/03/07,,11,3,2320,17290810,CTAS,CINTAS CORP,,CTAS,,Q,A,R,6304,7937,3,2320,17290810,,,,,,,,,,,,,,,,,,,,,,,,,36.875,37.500,37.250,1067660.000,-0.006667,37.188,37.250,168985.000,1.000,1.000,37.500,1425.000,-0.006667,0.006,0.006,0.006,0.005,0.006
23660,2001/03/08,,11,3,2320,17290810,CTAS,CINTAS CORP,,CTAS,,Q,A,R,6304,7937,3,2320,17290810,,,,,,,,,,,,,,,,,,,,,,,,,36.875,38.250,37.062,1424315.000,-0.005034,37.000,37.062,168985.000,1.000,1.000,37.672,1442.000,-0.005034,-0.001,-0.001,-0.004,-0.004,0.002
23660,2001/03/09,,11,3,2320,17290810,CTAS,CINTAS CORP,,CTAS,,Q,A,R,6304,7937,3,2320,17290810,,,,,,,,0.000,,,,,,,,,,,,,1.000,2.000,41.000,2.000,35.953,37.312,37.000,1353345.000,-0.001686,37.000,37.062,168985.000,1.000,1.000,36.750,2095.000,-0.001686,-0.024,-0.024,-0.015,-0.015,-0.025
23660,2001/03/12,,11,3,2320,17290810,CTAS,CINTAS CORP,,CTAS,,Q,A,R,6304,7937,3,2320,17290810,,,,,,,,0.000,,,,,,,,,,,,,1.000,2.000,42.000,2.000,35.062,36.875,35.625,1927420.000,-0.037162,35.625,35.688,168985.000,1.000,1.000,35.438,2534.000,-0.037162,-0.042,-0.042,-0.031,-0.031,-0.043
23660,2001/03/13,,11,3,2320,17290810,CTAS,CINTAS CORP,,CTAS,,Q,A,R,6304,7937,3,2320,17290810,,,,,,,,,,,,,,,,,,,,,,,,,34.750,36.500,35.062,2121118.000,-0.015789,35.000,35.062,168985.000,1.000,1.000,36.062,2472.000,-0.015789,0.015,0.015,0.005,0.005,0.015
23660,2001/03/14,,11,3,2320,17290810,CTAS,CINTAS CORP,,CTAS,,Q,A,R,6304,7937,3,2320,17290810,,,,,,,,,,,,,,,,,,,,,,,,,33.750,35.000,34.000,2041001.000,-0.030303,34.000,34.000,168985.000,1.000,1.000,34.562,2626.000,-0.030303,-0.025,-0.025,-0.018,-0.018,-0.026
23660,2001/03/15,,11,3,2320,17290810,CTAS,CINTAS CORP,,CTAS,,Q,A,R,6304,7937,3,2320,17290810,,,,,,,,,,,,,,,,,,,,,,,,,34.062,36.625,35.625,1848612.000,0.047794,35.625,35.688,168985.000,1.000,1.000,35.219,3073.000,0.047794,0.003,0.003,-0.000,-0.000,0.006
23660,2001/03/16,,11,3,2320,17290810,CTAS,CINTAS CORP,,CTAS,,Q,A,R,6304,7937,3,2320,17290810,,,,,,,,0.000,,,,,,,,,,,,,1.000,2.000,43.000,2.000,35.188,37.188,36.062,2964130.000,0.012281,36.000,36.062,169034.000,1.000,1.000,35.312,3262.000,0.012281,-0.021,-0.021,-0.018,-0.018,-0.020
23660,2001/03/19,,11,3,2320,17290810,CTAS,CINTAS CORP,,CTAS,,Q,A,R,6304,7937,3,2320,17290810,,,,,,,,,,,,,,,,,,,,,,,,,36.125,38.750,38.062,1708810.000,0.055459,38.062,38.125,169034.000,1.000,1.000,36.188,2991.000,0.055459,0.019,0.019,0.009,0.009,0.018
23660,2001/03/20,,11,3,2320,17290810,CTAS,CINTAS CORP,,CTAS,,Q,A,R,6304,7937,3,2320,17290810,,,,,,,,,,,,,,,,,,,,,,,,,35.375,38.500,35.375,1150176.000,-0.070608,35.375,35.438,169034.000,1.000,1.000,38.125,2301.000,-0.070608,-0.023,-0.023,-0.008,-0.009,-0.024
23660,2001/03/21,,11,3,2320,17290810,CTAS,CINTAS CORP,,CTAS,,Q,A,R,6304,7937,3,2320,17290810,,,,,,,,,,,,,,,,,,,,,,,,,35.062,37.750,37.250,1995216.000,0.053004,37.125,37.250,169034.000,1.000,1.000,35.438,2818.000,0.053004,-0.019,-0.019,-0.016,-0.016,-0.018
23660,2001/03/22,,11,3,2320,17290810,CTAS,CINTAS CORP,,CTAS,,Q,A,R,6304,7937,3,2320,17290810,,,,,,,,,,,,,,,,,,,,,,,,,36.875,38.625,38.562,2035301.000,0.035235,38.562,38.625,169034.000,1.000,1.000,37.188,3102.000,0.035235,-0.004,-0.005,-0.011,-0.011,-0.004
23660,2001/03/23,,11,3,2320,17290810,CTAS,CINTAS CORP,,CTAS,,Q,A,R,6304,7937,3,2320,17290810,,,,,,,,0.000,,,,,,,,,,,,,1.000,2.000,44.000,2.000,39.125,40.500,39.625,2461388.000,0.027553,39.562,39.625,169034.000,1.000,1.000,39.188,3010.000,0.027553,0.020,0.020,0.021,0.021,0.020
23660,2001/03/26,,11,3,2320,17290810,CTAS,CINTAS CORP,,CTAS,,Q,A,R,6304,7937,3,2320,17290810,,,,,,,,0.000,,,,,,,,,,,,,1.000,2.000,41.000,2.000,39.700,41.000,39.990,2720569.000,0.009211,39.990,40.000,169034.000,1.000,1.000,40.150,2611.000,0.009211,0.011,0.011,0.007,0.007,0.011
23660,2001/03/27,,11,3,2320,17290810,CTAS,CINTAS CORP,,CTAS,,Q,A,R,6304,7937,3,2320,17290810,,,,,,,,,,,,,,,,,,,,,,,,,39.250,40.250,39.650,1140691.000,-0.008502,39.650,39.650,169034.000,1.000,1.000,40.250,2239.000,-0.008502,0.023,0.023,0.009,0.009,0.026
23660,2001/03/28,,11,3,2320,17290810,CTAS,CINTAS CORP,,CTAS,,Q,A,R,6304,7937,3,2320,17290810,,,,,,,,,,,,,,,,,,,,,,,,,38.600,40.120,39.300,937049.000,-0.008827,39.290,39.300,169034.000,1.000,1.000,39.485,1942.000,-0.008827,-0.026,-0.026,-0.018,-0.018,-0.024
23660,2001/03/29,,11,3,2320,17290810,CTAS,CINTAS CORP,,CTAS,,Q,A,R,6304,7937,3,2320,17290810,,,,,,,,,,,,,,,,,,,,,,,,,38.044,39.990,38.750,1046710.000,-0.013995,38.750,38.760,169034.000,1.000,1.000,39.120,2075.000,-0.013995,-0.005,-0.005,-0.007,-0.007,-0.005
23660,2001/03/30,,11,3,2320,17290810,CTAS,CINTAS CORP,,CTAS,,Q,A,R,6304,7937,3,2320,17290810,,,,,,,,,,,,,,,,,,,,,,,,,38.480,39.800,39.420,1071251.000,0.017290,39.410,39.420,169034.000,1.000,1.000,39.060,1792.000,0.017290,0.012,0.012,0.016,0.016,0.011
23660,2001/04/02,,11,3,2320,17290810,CTAS,CINTAS CORP,,CTAS,,Q,A,R,6304,7937,3,2320,17290810,,,,,,,,,,,,,,,,,,,,,,,,,37.740,39.730,38.480,1184935.000,-0.023846,38.470,38.480,169034.000,1.000,1.000,39.470,2311.000,-0.023846,-0.016,-0.016,-0.021,-0.021,-0.012
23660,2001/04/03,,11,3,2320,17290810,CTAS,CINTAS CORP,,CTAS,,Q,A,R,6304,7937,3,2320,17290810,,,,,,,,,,,,,,,,,,,,,,,,,36.500,38.430,36.550,1085903.000,-0.050156,36.540,36.550,169034.000,1.000,1.000,38.420,2456.000,-0.050156,-0.036,-0.036,-0.034,-0.034,-0.034
23660,2001/04/04,,11,3,2320,17290810,CTAS,CINTAS CORP,,CTAS,,Q,A,R,6304,7937,3,2320,17290810,,,,,,,,,,,,,,,,,,,,,,,,,36.350,37.712,37.300,1258237.000,0.020520,37.290,37.420,169034.000,1.000,1.000,36.810,2222.000,0.020520,-0.003,-0.003,-0.008,-0.008,-0.003
23660,2001/04/05,,11,3,2320,17290810,CTAS,CINTAS CORP,,CTAS,,Q,A,R,6304,7937,3,2320,17290810,,,,,,,,,,,,,,,,,,,,,,,,,36.680,38.410,38.400,1237118.000,0.029491,38.390,38.410,169034.000,1.000,1.000,37.420,2477.000,0.029491,0.046,0.046,0.039,0.039,0.044
23660,2001/04/06,,11,3,2320,17290810,CTAS,CINTAS CORP,,CTAS,,Q,A,R,6304,7937,3,2320,17290810,,,,,,,,,,,,,,,,,,,,,,,,,36.510,38.200,37.800,1276207.000,-0.015625,37.800,37.810,169034.000,1.000,1.000,37.760,2781.000,-0.015625,-0.020,-0.020,-0.013,-0.013,-0.020
23660,2001/04/09,,11,3,2320,17290810,CTAS,CINTAS CORP,,CTAS,,Q,A,R,6304,7937,3,2320,17290810,,,,,,,,,,,,,,,,,,,,,,,,,37.480,38.600,37.860,873006.000,0.001587,37.810,37.860,169034.000,1.000,1.000,37.800,1820.000,0.001587,0.009,0.009,0.006,0.006,0.008
23660,2001/04/10,,11,3,2320,17290810,CTAS,CINTAS CORP,,CTAS,,Q,A,R,6304,7937,3,2320,17290810,,,,,,,,,,,,,,,,,,,,,,,,,38.220,40.430,39.580,2096254.000,0.045431,39.570,39.580,169034.000,1.000,1.000,38.220,3079.000,0.045431,0.029,0.029,0.023,0.023,0.027
23660,2001/04/11,,11,3,2320,17290810,CTAS,CINTAS CORP,,CTAS,,Q,A,R,6304,7937,3,2320,17290810,,,,,,,,,,,,,,,,,,,,,,,,,38.660,40.210,40.200,1449264.000,0.015664,40.200,40.210,169034.000,1.000,1.000,39.400,2660.000,0.015664,-0.001,-0.001,0.007,0.007,-0.002
23660,2001/04/12,,11,3,2320,17290810,CTAS,CINTAS CORP,,CTAS,,Q,A,R,6304,7937,3,2320,17290810,,,,,,,,,,,,,,,,,,,,,,,,,39.000,40.670,40.300,712998.000,0.002488,40.250,40.300,169034.000,1.000,1.000,39.745,2057.000,0.002488,0.016,0.016,0.015,0.015,0.015
23660,2001/04/16,,11,3,2320,17290810,CTAS,CINTAS CORP,,CTAS,,Q,A,R,6304,7937,3,2320,17290810,,,,,,,,,,,,,,,,,,,,,,,,,38.790,40.910,39.350,882729.000,-0.023573,39.350,39.360,169034.000,1.000,1.000,40.250,2006.000,-0.023573,-0.005,-0.005,-0.004,-0.004,-0.003
23660,2001/04/17,,11,3,2320,17290810,CTAS,CINTAS CORP,,CTAS,,Q,A,R,6304,7937,3,2320,17290810,,,,,,,,,,,,,,,,,,,,,,,,,38.790,40.650,40.580,1145722.000,0.031258,40.580,40.550,169034.000,1.000,1.000,39.000,2758.000,0.031258,0.010,0.010,0.005,0.005,0.010
23660,2001/04/18,,11,3,2320,17290810,CTAS,CINTAS CORP,,CTAS,,Q,A,R,6304,7937,3,2320,17290810,,,,,,,,,,,,,,,,,,,,,,,,,40.000,44.850,43.410,2496932.000,0.069739,43.410,43.420,169034.000,1.000,1.000,40.060,4217.000,0.069739,0.040,0.040,0.029,0.029,0.039
23660,2001/04/19,,11,3,2320,17290810,CTAS,CINTAS CORP,,CTAS,,Q,A,R,6304,7937,3,2320,17290810,,,,,,,,0.000,,,,,,,,,,,,,1.000,2.000,42.000,2.000,42.210,43.220,42.820,1979762.000,-0.013591,42.810,42.830,169034.000,1.000,1.000,43.050,3329.000,-0.013591,0.015,0.015,0.016,0.016,0.013
23660,2001/04/20,,11,3,2320,17290810,CTAS,CINTAS CORP,,CTAS,,Q,A,R,6304,7937,3,2320,17290810,,,,,,,,,,,,,,,,,,,,,,,,,40.200,41.990,41.570,1881358.000,-0.029192,41.570,41.580,169034.000,1.000,1.000,41.850,3082.000,-0.029192,-0.008,-0.008,0.001,0.001,-0.009
23660,2001/04/23,,11,3,2320,17290810,CTAS,CINTAS CORP,,CTAS,,Q,A,R,6304,7937,3,2320,17290810,,,,,,,,,,,,,,,,,,,,,,,,,41.150,42.270,41.760,1066551.000,0.004571,41.750,41.760,169034.000,1.000,1.000,41.690,2021.000,0.004571,-0.017,-0.017,-0.008,-0.008,-0.015
23660,2001/04/24,,11,3,2320,17290810,CTAS,CINTAS CORP,,CTAS,,Q,A,R,6304,7937,3,2320,17290810,,,,,,,,,,,,,,,,,,,,,,,,,40.890,42.750,41.230,845071.000,-0.012692,41.230,41.240,169034.000,1.000,1.000,42.120,2111.000,-0.012692,-0.011,-0.011,0.002,0.002,-0.012
23660,2001/04/25,,11,3,2320,17290810,CTAS,CINTAS CORP,,CTAS,,Q,A,R,6304,7937,3,2320,17290810,,,,,,,,,,,,,,,,,,,,,,,,,40.810,42.360,42.280,914573.000,0.025467,42.270,42.280,169034.000,1.000,1.000,41.240,1912.000,0.025467,0.016,0.016,0.012,0.011,0.016
23660,2001/04/26,,11,3,2320,17290810,CTAS,CINTAS CORP,,CTAS,,Q,A,R,6304,7937,3,2320,17290810,,,,,,,,,,,,,,,,,,,,,,,,,41.770,43.320,41.940,800416.000,-0.008042,41.940,41.950,169034.000,1.000,1.000,42.280,1831.000,-0.008042,0.005,0.005,0.008,0.007,0.005
23660,2001/04/27,,11,3,2320,17290810,CTAS,CINTAS CORP,,CTAS,,Q,A,R,6304,7937,3,2320,17290810,,,,,,,,,,,,,,,,,,,,,,,,,42.100,43.250,43.240,710725.000,0.030997,43.230,43.240,169034.000,1.000,1.000,42.620,1483.000,0.030997,0.014,0.014,0.011,0.011,0.015
23660,2001/04/30,,11,3,2320,17290810,CTAS,CINTAS CORP,,CTAS,,Q,A,R,6304,7937,3,2320,17290810,,,,,,,,0.000,,,,,,,,,,,,,1.000,2.000,43.000,2.000,43.260,44.640,43.810,1143236.000,0.013182,43.810,43.820,169034.000,1.000,1.000,43.380,2359.000,0.013182,0.001,0.001,0.010,0.010,-0.003
23660,2001/05/01,,11,3,2320,17290810,CTAS,CINTAS CORP,,CTAS,,Q,A,R,6304,7937,3,2320,17290810,,,,,,,,,,,,,,,,,,,,,,,,,43.730,47.000,46.560,1354199.000,0.062771,46.550,46.560,169034.000,1.000,1.000,44.100,2742.000,0.062771,0.013,0.013,0.010,0.010,0.014
23660,2001/05/02,,11,3,2320,17290810,CTAS,CINTAS CORP,,CTAS,,Q,A,R,6304,7937,3,2320,17290810,,,,,,,,,,,,,,,,,,,,,,,,,46.800,47.900,47.560,2082138.000,0.021478,47.560,47.570,169034.000,1.000,1.000,46.810,3081.000,0.021478,0.003,0.003,0.012,0.012,0.001
23660,2001/05/03,,11,3,2320,17290810,CTAS,CINTAS CORP,,CTAS,,Q,A,R,6304,7937,3,2320,17290810,,,,,,,,,,,,,,,,,,,,,,,,,44.550,47.200,45.600,1485120.000,-0.041211,45.580,45.600,169034.000,1.000,1.000,47.190,2763.000,-0.041211,-0.015,-0.015,-0.005,-0.006,-0.015
23660,2001/05/04,,11,3,2320,17290810,CTAS,CINTAS CORP,,CTAS,,Q,A,R,6304,7937,3,2320,17290810,,,,,,,,,,,,,,,,,,,,,,,,,43.350,44.660,44.550,1529113.000,-0.023026,44.540,44.550,169034.000,1.000,1.000,44.300,2693.000,-0.023026,0.014,0.014,0.011,0.011,0.014
23660,2001/05/07,,11,3,2320,17290810,CTAS,CINTAS CORP,,CTAS,,Q,A,R,6304,7937,3,2320,17290810,,,,,,,,,,,,,,,,,,,,,,,,,43.700,45.100,43.980,1133198.000,-0.012795,43.980,44.160,169034.000,1.000,1.000,44.250,2489.000,-0.012795,-0.003,-0.003,0.001,0.001,-0.002
23660,2001/05/08,,11,3,2320,17290810,CTAS,CINTAS CORP,,CTAS,,Q,A,R,6304,7937,3,2320,17290810,,,,,,,,,,,,,,,,,,,,,,,,,42.750,44.750,43.950,929724.000,-0.000682,43.940,43.950,169034.000,1.000,1.000,44.650,2112.000,-0.000682,-0.001,-0.001,0.005,0.005,-0.002
23660,2001/05/09,,11,3,2320,17290810,CTAS,CINTAS CORP,,CTAS,,Q,A,R,6304,7937,3,2320,17290810,,,,,,,,,,,,,,,,,,,,,,,,,43.220,44.790,43.790,810993.000,-0.003640,43.790,43.800,169034.000,1.000,1.000,43.940,2029.000,-0.003640,-0.004,-0.004,0.001,0.001,-0.004
23660,2001/05/10,,11,3,2320,17290810,CTAS,CINTAS CORP,,CTAS,,Q,A,R,6304,7937,3,2320,17290810,,,,,,,,,,,,,,,,,,,,,,,,,43.070,44.050,43.780,736546.000,-0.000228,43.770,43.780,169034.000,1.000,1.000,43.760,1822.000,-0.000228,-0.000,-0.001,0.003,0.003,-0.000
23660,2001/05/11,,11,3,2320,17290810,CTAS,CINTAS CORP,,CTAS,,Q,A,R,6304,7937,3,2320,17290810,,,,,,,,,,,,,,,,,,,,,,,,,42.980,44.570,42.990,728366.000,-0.018045,42.990,43.000,169034.000,1.000,1.000,43.840,1567.000,-0.018045,-0.008,-0.008,-0.002,-0.002,-0.008
23660,2001/05/14,,11,3,2320,17290810,CTAS,CINTAS CORP,,CTAS,,Q,A,R,6304,7937,3,2320,17290810,,,,,,,,,,,,,,,,,,,,,,,,,43.100,44.300,43.910,523629.000,0.021400,43.900,43.910,169034.000,1.000,1.000,43.460,1399.000,0.021400,0.001,0.001,-0.003,-0.003,0.003
23660,2001/05/15,,11,3,2320,17290810,CTAS,CINTAS CORP,,CTAS,,Q,A,R,6304,7937,3,2320,17290810,,,,,,,,,,,,,,,,,,,,,,,,,43.700,44.850,44.000,781100.000,0.002050,44.000,44.010,169034.000,1.000,1.000,43.750,2061.000,0.002050,0.001,0.001,0.004,0.004,0.000
23660,2001/05/16,,11,3,2320,17290810,CTAS,CINTAS CORP,,CTAS,,Q,A,R,6304,7937,3,2320,17290810,,,,,,,,0.000,,,,,,,,,,,,,1.000,2.000,44.000,2.000,43.460,46.500,46.440,934069.000,0.055455,46.420,46.440,169034.000,1.000,1.000,43.760,2745.000,0.055455,0.027,0.027,0.010,0.010,0.028
23660,2001/05/17,,11,3,2320,17290810,CTAS,CINTAS CORP,,CTAS,,Q,A,R,6304,7937,3,2320,17290810,,,,,,,,,,,,,,,,,,,,,,,,,46.200,47.400,47.260,1140359.000,0.017657,47.250,47.260,169034.000,1.000,1.000,46.270,2604.000,0.017657,0.006,0.006,0.011,0.010,0.003
23660,2001/05/18,,11,3,2320,17290810,CTAS,CINTAS CORP,,CTAS,,Q,A,R,6304,7937,3,2320,17290810,,,,,,,,,,,,,,,,,,,,,,,,,46.590,47.290,47.050,774182.000,-0.004443,47.050,47.060,169034.000,1.000,1.000,47.120,1876.000,-0.004443,0.003,0.003,0.005,0.005,0.003
23660,2001/05/21,,11,3,2320,17290810,CTAS,CINTAS CORP,,CTAS,,Q,A,R,6304,7937,3,2320,17290810,,,,,,,,,,,,,,,,,,,,,,,,,46.210,49.400,49.250,1058834.000,0.046759,49.250,49.260,169034.000,1.000,1.000,47.220,2336.000,0.046759,0.019,0.019,0.016,0.016,0.016
23660,2001/05/22,,11,3,2320,17290810,CTAS,CINTAS CORP,,CTAS,,Q,A,R,6304,7937,3,2320,17290810,,,,,,,,,,,,,,,,,,,,,,,,,48.670,49.750,49.030,803825.000,-0.004467,49.030,49.040,169034.000,1.000,1.000,49.100,2091.000,-0.004467,-0.002,-0.002,0.007,0.007,-0.003
23660,2001/05/23,,11,3,2320,17290810,CTAS,CINTAS CORP,,CTAS,,Q,A,R,6304,7937,3,2320,17290810,,,,,,,,,,,,,,,,,,,,,,,,,47.920,48.940,48.100,645967.000,-0.018968,48.090,48.100,169034.000,1.000,1.000,48.900,1801.000,-0.018968,-0.017,-0.017,-0.007,-0.007,-0.016
23660,2001/05/24,,11,3,2320,17290810,CTAS,CINTAS CORP,,CTAS,,Q,A,R,6304,7937,3,2320,17290810,,,,,,,,,,,,,,,,,,,,,,,,,47.610,49.400,49.130,676906.000,0.021414,49.130,49.140,169034.000,1.000,1.000,48.100,1983.000,0.021414,0.004,0.004,0.006,0.005,0.003
23660,2001/05/25,,11,3,2320,17290810,CTAS,CINTAS CORP,,CTAS,,Q,A,R,6304,7937,3,2320,17290810,,,,,,,,,,,,,,,,,,,,,,,,,48.030,49.620,48.300,494199.000,-0.016894,48.300,48.310,169034.000,1.000,1.000,49.380,1324.000,-0.016894,-0.010,-0.010,0.003,0.003,-0.012
23660,2001/05/29,,11,3,2320,17290810,CTAS,CINTAS CORP,,CTAS,,Q,A,R,6304,7937,3,2320,17290810,,,,,,,,,,,,,,,,,,,,,,,,,47.250,48.700,47.530,988928.000,-0.015942,47.520,47.530,169034.000,1.000,1.000,47.560,1973.000,-0.015942,-0.010,-0.010,-0.008,-0.008,-0.008
23660,2001/05/30,,11,3,2320,17290810,CTAS,CINTAS CORP,,CTAS,,Q,A,R,6304,7937,3,2320,17290810,,,,,,,,,,,,,,,,,,,,,,,,,46.670,47.350,46.980,1380147.000,-0.011572,46.980,46.990,169034.000,1.000,1.000,47.065,2218.000,-0.011572,-0.018,-0.018,-0.016,-0.016,-0.016
23660,2001/05/31,,11,3,2320,17290810,CTAS,CINTAS CORP,,CTAS,,Q,A,R,6304,7937,3,2320,17290810,,,,,,,,0.000,,,,,,,,,,,,,1.000,2.000,44.000,2.000,46.510,48.055,46.640,1123944.000,-0.007237,46.640,46.650,169371.000,1.000,1.000,47.030,2346.000,-0.007237,0.008,0.008,0.007,0.007,0.006
23660,2001/06/01,,11,3,2320,17290810,CTAS,CINTAS CORP,,CTAS,,Q,A,R,6304,7937,3,2320,17290810,,,,,,,,,,,,,,,,,,,,,,,,,45.930,47.600,47.500,1101141.000,0.018439,47.500,47.510,169371.000,1.000,1.000,46.700,2405.000,0.018439,0.005,0.005,0.006,0.006,0.004
23660,2001/06/04,,11,3,2320,17290810,CTAS,CINTAS CORP,,CTAS,,Q,A,R,6304,7937,3,2320,17290810,,,,,,,,,,,,,,,,,,,,,,,,,46.210,47.590,47.040,812179.000,-0.009684,47.040,47.050,169371.000,1.000,1.000,47.590,1920.000,-0.009684,0.005,0.005,0.005,0.005,0.005
23660,2001/06/05,,11,3,2320,17290810,CTAS,CINTAS CORP,,CTAS,,Q,A,R,6304,7937,3,2320,17290810,,,,,,,,,,,,,,,,,,,,,,,,,46.690,48.160,48.030,662098.000,0.021046,48.010,48.030,169371.000,1.000,1.000,47.100,1722.000,0.021046,0.014,0.014,0.012,0.012,0.013
23660,2001/06/06,,11,3,2320,17290810,CTAS,CINTAS CORP,,CTAS,,Q,A,R,6304,7937,3,2320,17290810,,,,,,,,,,,,,,,,,,,,,,,,,46.400,47.960,46.670,815901.000,-0.028316,46.670,46.680,169371.000,1.000,1.000,47.960,2065.000,-0.028316,-0.009,-0.010,-0.003,-0.003,-0.011
23660,2001/06/07,,11,3,2320,17290810,CTAS,CINTAS CORP,,CTAS,,Q,A,R,6304,7937,3,2320,17290810,,,,,,,,,,,,,,,,,,,,,,,,,46.400,47.360,47.040,739541.000,0.007928,47.030,47.040,169371.000,1.000,1.000,46.700,1718.000,0.007928,0.005,0.005,0.005,0.005,0.005
23660,2001/06/08,,11,3,2320,17290810,CTAS,CINTAS CORP,,CTAS,,Q,A,R,6304,7937,3,2320,17290810,,,,,,,,,,,,,,,,,,,,,,,,,45.010,47.250,45.880,1105113.000,-0.024660,45.850,45.880,169371.000,1.000,1.000,47.000,2245.000,-0.024660,-0.010,-0.010,-0.002,-0.002,-0.009
23660,2001/06/11,,11,3,2320,17290810,CTAS,CINTAS CORP,,CTAS,,Q,A,R,6304,7937,3,2320,17290810,,,,,,,,,,,,,,,,,,,,,,,,,45.490,46.250,45.600,502698.000,-0.006103,45.600,45.610,169371.000,1.000,1.000,45.880,1103.000,-0.006103,-0.010,-0.010,-0.006,-0.006,-0.008
23660,2001/06/12,,11,3,2320,17290810,CTAS,CINTAS CORP,,CTAS,,Q,A,R,6304,7937,3,2320,17290810,,,,,,,,0.000,,,,,,,,,,,,,1.000,2.000,43.000,2.000,45.100,46.750,46.530,695883.000,0.020395,46.520,46.530,169371.000,1.000,1.000,45.370,2140.000,0.020395,0.000,0.000,-0.001,-0.001,0.001
23660,2001/06/13,,11,3,2320,17290810,CTAS,CINTAS CORP,,CTAS,,Q,A,R,6304,7937,3,2320,17290810,,,,,,,,,,,,,,,,,,,,,,,,,45.210,47.150,45.850,806529.000,-0.014614,45.850,45.860,169371.000,1.000,1.000,46.450,2229.000,-0.014614,-0.010,-0.010,-0.002,-0.003,-0.011
23660,2001/06/14,,11,3,2320,17290810,CTAS,CINTAS CORP,,CTAS,,Q,A,R,6304,7937,3,2320,17290810,,,,,,,,,,,,,,,,,,,,,,,,,44.850,46.490,44.890,893118.000,-0.020938,44.890,44.900,169371.000,1.000,1.000,45.410,2106.000,-0.020938,-0.019,-0.019,-0.015,-0.015,-0.018
23660,2001/06/15,,11,3,2320,17290810,CTAS,CINTAS CORP,,CTAS,,Q,A,R,6304,7937,3,2320,17290810,,,,,,,,,,,,,,,,,,,,,,,,,44.610,45.930,45.460,1650847.000,0.012698,45.460,45.470,169371.000,1.000,1.000,44.640,2328.000,0.012698,-0.005,-0.005,-0.005,-0.005,-0.005
23660,2001/06/18,,11,3,2320,17290810,CTAS,CINTAS CORP,,CTAS,,Q,A,R,6304,7937,3,2320,17290810,,,,,,,,,,,,,,,,,,,,,,,,,45.250,46.700,45.540,842368.000,0.001760,45.530,45.540,169371.000,1.000,1.000,45.700,2113.000,0.001760,-0.007,-0.007,-0.013,-0.013,-0.005
23660,2001/06/19,,11,3,2320,17290810,CTAS,CINTAS CORP,,CTAS,,Q,A,R,6304,7937,3,2320,17290810,,,,,,,,,,,,,,,,,,,,,,,,,44.750,46.990,45.040,929181.000,-0.010979,45.040,45.050,169371.000,1.000,1.000,45.980,2310.000,-0.010979,0.002,0.002,-0.006,-0.006,0.003
23660,2001/06/20,,11,3,2320,17290810,CTAS,CINTAS CORP,,CTAS,,Q,A,R,6304,7937,3,2320,17290810,,,,,,,,,,,,,,,,,,,,,,,,,45.040,47.100,46.760,1920330.000,0.038188,46.750,46.760,169371.000,1.000,1.000,45.050,3099.000,0.038188,0.010,0.010,0.001,0.001,0.009
23660,2001/06/21,,11,3,2320,17290810,CTAS,CINTAS CORP,,CTAS,,Q,A,R,6304,7937,3,2320,17290810,,,,,,,,,,,,,,,,,,,,,,,,,46.390,48.000,47.560,2486220.000,0.017109,47.500,47.500,169371.000,1.000,1.000,46.520,2679.000,0.017109,0.010,0.010,0.004,0.004,0.011
23660,2001/06/22,,11,3,2320,17290810,CTAS,CINTAS CORP,,CTAS,,Q,A,R,6304,7937,3,2320,17290810,,,,,,,,,,,,,,,,,,,,,,,,,45.550,47.480,45.920,744001.000,-0.034483,45.910,45.920,169371.000,1.000,1.000,47.260,1986.000,-0.034483,-0.009,-0.009,-0.002,-0.003,-0.009
23660,2001/06/25,,11,3,2320,17290810,CTAS,CINTAS CORP,,CTAS,,Q,A,R,6304,7937,3,2320,17290810,,,,,,,,,,,,,,,,,,,,,,,,,45.200,46.450,46.050,809078.000,0.002831,46.050,46.060,169371.000,1.000,1.000,46.240,1611.000,0.002831,-0.005,-0.005,-0.000,-0.000,-0.006
23660,2001/06/26,,11,3,2320,17290810,CTAS,CINTAS CORP,,CTAS,,Q,A,R,6304,7937,3,2320,17290810,,,,,,,,,,,,,,,,,,,,,,,,,44.900,45.750,45.260,1042327.000,-0.017155,45.250,45.260,169371.000,1.000,1.000,45.530,1943.000,-0.017155,-0.000,-0.000,0.005,0.005,-0.002
23660,2001/06/27,,11,3,2320,17290810,CTAS,CINTAS CORP,,CTAS,,Q,A,R,6304,7937,3,2320,17290810,,,,,,,,,,,,,,,,,,,,,,,,,44.750,46.000,45.760,1345857.000,0.011047,45.760,45.770,169371.000,1.000,1.000,45.220,1864.000,0.011047,-0.002,-0.002,0.004,0.004,-0.005
23660,2001/06/28,,11,3,2320,17290810,CTAS,CINTAS CORP,,CTAS,,Q,A,R,6304,7937,3,2320,17290810,,,,,,,,0.000,,,,,,,,,,,,,1.000,2.000,44.000,2.000,45.980,47.500,46.840,1496328.000,0.023601,46.840,46.850,169371.000,1.000,1.000,45.990,2440.000,0.023601,0.013,0.013,0.008,0.008,0.012
23660,2001/06/29,,11,3,2320,17290810,CTAS,CINTAS CORP,,CTAS,,Q,A,R,6304,7937,3,2320,17290810,,,,,,,,0.000,,,,,,,,,,,,,1.000,2.000,43.000,2.000,45.350,47.450,46.250,1034555.000,-0.012596,46.150,46.250,169371.000,1.000,1.000,46.830,2001.000,-0.012596,0.004,0.004,0.019,0.019,-0.001
23660,2001/07/02,,11,3,2320,17290810,CTAS,CINTAS CORP,,CTAS,,Q,A,R,6304,7937,3,2320,17290810,,,,,,,,,,,,,,,,,,,,,,,,,45.900,47.090,46.010,657539.000,-0.005189,46.000,46.020,169371.000,1.000,1.000,46.685,1485.000,-0.005189,0.005,0.005,-0.006,-0.006,0.010
23660,2001/07/03,,11,3,2320,17290810,CTAS,CINTAS CORP,,CTAS,,Q,A,R,6304,7937,3,2320,17290810,,,,,,,,,,,,,,,,,,,,,,,,,45.300,47.490,46.270,562448.000,0.005651,46.260,46.270,169371.000,1.000,1.000,46.150,1481.000,0.005651,-0.002,-0.002,-0.000,-0.000,-0.002
23660,2001/07/05,,11,3,2320,17290810,CTAS,CINTAS CORP,,CTAS,,Q,A,R,6304,7937,3,2320,17290810,,,,,,,,0.000,,,,,,,,,,,,,1.000,2.000,42.000,2.000,45.940,47.170,46.220,551614.000,-0.001081,46.200,46.230,169371.000,1.000,1.000,45.990,1392.000,-0.001081,-0.012,-0.012,-0.007,-0.007,-0.012
23660,2001/07/06,,11,3,2320,17290810,CTAS,CINTAS CORP,,CTAS,,Q,A,R,6304,7937,3,2320,17290810,,,,,,,,,,,,,,,,,,,,,,,,,43.500,45.980,43.620,1373309.000,-0.056253,43.620,43.680,169371.000,1.000,1.000,45.980,3592.000,-0.056253,-0.022,-0.022,-0.012,-0.012,-0.023
23660,2001/07/09,,11,3,2320,17290810,CTAS,CINTAS CORP,,CTAS,,Q,A,R,6304,7937,3,2320,17290810,,,,,,,,0.000,,,,,,,,,,,,,1.000,2.000,41.000,2.000,43.230,44.500,43.970,1355389.000,0.008024,43.970,43.980,169371.000,1.000,1.000,43.630,2660.000,0.008024,0.006,0.006,0.002,0.002,0.007
23660,2001/07/10,,11,3,2320,17290810,CTAS,CINTAS CORP,,CTAS,,Q,A,R,6304,7937,3,2320,17290810,,,,,,,,0.000,,,,,,,,,,,,,1.000,2.000,43.000,2.000,44.950,47.600,47.130,3570564.000,0.071867,47.130,47.140,169371.000,1.000,1.000,45.000,6242.000,0.071867,-0.014,-0.014,-0.009,-0.009,-0.014
23660,2001/07/11,,11,3,2320,17290810,CTAS,CINTAS CORP,,CTAS,,Q,A,R,6304,7937,3,2320,17290810,,,,,,,,0.000,,,,,,,,,,,,,1.000,2.000,42.000,2.000,46.310,47.700,47.050,1620386.000,-0.001697,47.040,47.050,169371.000,1.000,1.000,47.410,3357.000,-0.001697,-0.002,-0.002,-0.005,-0.006,-0.001
23660,2001/07/12,,11,3,2320,17290810,CTAS,CINTAS CORP,,CTAS,,Q,A,R,6304,7937,3,2320,17290810,,,,,,,,0.000,,,,,,,,,,,,,1.000,2.000,43.000,2.000,46.800,48.640,48.420,1284242.000,0.029118,48.410,48.420,169371.000,1.000,1.000,47.130,2873.000,0.029118,0.024,0.024,0.015,0.015,0.024
23660,2001/07/13,,11,3,2320,17290810,CTAS,CINTAS CORP,,CTAS,,Q,A,R,6304,7937,3,2320,17290810,,,,,,,,,,,,,,,,,,,,,,,,,47.900,49.200,48.690,1170129.000,0.005576,48.690,48.700,169371.000,1.000,1.000,48.700,2342.000,0.005576,0.005,0.005,0.004,0.004,0.006
23660,2001/07/16,,11,3,2320,17290810,CTAS,CINTAS CORP,,CTAS,,Q,A,R,6304,7937,3,2320,17290810,,,,,,,,,,,,,,,,,,,,,,,,,48.560,49.730,48.810,730964.000,0.002465,48.800,48.810,169371.000,1.000,1.000,48.600,2244.000,0.002465,-0.012,-0.012,-0.007,-0.007,-0.011
23660,2001/07/17,,11,3,2320,17290810,CTAS,CINTAS CORP,,CTAS,,Q,A,R,6304,7937,3,2320,17290810,,,,,,,,,,,,,,,,,,,,,,,,,48.290,50.750,50.020,1367899.000,0.024790,50.010,50.020,169371.000,1.000,1.000,48.680,3237.000,0.024790,0.011,0.011,0.005,0.005,0.010
23660,2001/07/18,,11,3,2320,17290810,CTAS,CINTAS CORP,,CTAS,,Q,A,R,6304,7937,3,2320,17290810,,,,,,,,,,,,,,,,,,,,,,,,,49.600,50.860,50.030,1121907.000,0.000200,50.030,50.040,169371.000,1.000,1.000,49.860,2642.000,0.000200,-0.007,-0.007,-0.008,-0.008,-0.006
23660,2001/07/19,,11,3,2320,17290810,CTAS,CINTAS CORP,,CTAS,,Q,A,R,6304,7937,3,2320,17290810,,,,,,,,,,,,,,,,,,,,,,,,,50.380,52.600,50.960,1692764.000,0.018589,50.950,50.960,169371.000,1.000,1.000,50.390,3741.000,0.018589,0.005,0.005,0.005,0.005,0.006
23660,2001/07/20,,11,3,2320,17290810,CTAS,CINTAS CORP,,CTAS,,Q,A,R,6304,7937,3,2320,17290810,,,,,,,,,,,,,,,,,,,,,,,,,50.600,52.250,51.430,1331040.000,0.009223,51.430,51.440,169371.000,1.000,1.000,50.880,2462.000,0.009223,-0.003,-0.003,0.000,0.000,-0.003
23660,2001/07/23,,11,3,2320,17290810,CTAS,CINTAS CORP,,CTAS,,Q,A,R,6304,7937,3,2320,17290810,,,,,,,,0.000,,,,,,,,,,,,,1.000,2.000,45.000,2.000,51.160,52.500,51.200,1131383.000,-0.004472,51.200,51.210,169371.000,1.000,1.000,51.340,2144.000,-0.004472,-0.015,-0.015,-0.006,-0.006,-0.016
23660,2001/07/24,,11,3,2320,17290810,CTAS,CINTAS CORP,,CTAS,,Q,A,R,6304,7937,3,2320,17290810,,,,,,,,0.000,,,,,,,,,,,,,1.000,2.000,44.000,2.000,49.510,52.500,50.850,1136868.000,-0.006836,50.710,50.720,169371.000,1.000,1.000,51.250,2943.000,-0.006836,-0.016,-0.016,-0.011,-0.012,-0.016
23660,2001/07/25,,11,3,2320,17290810,CTAS,CINTAS CORP,,CTAS,,Q,A,R,6304,7937,3,2320,17290810,,,,,,,,,,,,,,,,,,,,,,,,,50.050,52.490,51.660,1033942.000,0.015929,51.650,51.660,169371.000,1.000,1.000,50.050,2521.000,0.015929,0.014,0.014,0.003,0.003,0.016
23660,2001/07/26,,11,3,2320,17290810,CTAS,CINTAS CORP,,CTAS,,Q,A,R,6304,7937,3,2320,17290810,,,,,,,,,,,,,,,,,,,,,,,,,50.600,52.500,52.420,1127400.000,0.014712,52.410,52.420,169371.000,1.000,1.000,50.750,2942.000,0.014712,0.012,0.011,0.008,0.008,0.010
23660,2001/07/27,,11,3,2320,17290810,CTAS,CINTAS CORP,,CTAS,,Q,A,R,6304,7937,3,2320,17290810,,,,,,,,,,,,,,,,,,,,,,,,,51.220,52.350,51.740,729189.000,-0.012972,51.740,51.750,169371.000,1.000,1.000,52.010,1981.000,-0.012972,0.003,0.003,0.004,0.003,0.002
23660,2001/07/30,,11,3,2320,17290810,CTAS,CINTAS CORP,,CTAS,,Q,A,R,6304,7937,3,2320,17290810,,,,,,,,,,,,,,,,,,,,,,,,,49.750,51.940,50.490,895645.000,-0.024159,50.500,50.520,169371.000,1.000,1.000,51.700,2141.000,-0.024159,-0.001,-0.001,-0.001,-0.001,-0.001
23660,2001/07/31,,11,3,2320,17290810,CTAS,CINTAS CORP,,CTAS,,Q,A,R,6304,7937,3,2320,17290810,,,,,,,,,,,,,,,,,,,,,,,,,49.550,50.540,50.170,986613.000,-0.006338,50.030,50.080,169371.000,1.000,1.000,49.950,2171.000,-0.006338,0.005,0.005,0.003,0.003,0.006
23660,2001/08/01,,11,3,2320,17290810,CTAS,CINTAS CORP,,CTAS,,Q,A,R,6304,7937,3,2320,17290810,,,,,,,,,,,,,,,,,,,,,,,,,49.320,50.580,50.450,870759.000,0.005581,50.400,50.430,169371.000,1.000,1.000,49.960,1914.000,0.005581,0.005,0.005,0.006,0.006,0.004
23660,2001/08/02,,11,3,2320,17290810,CTAS,CINTAS CORP,,CTAS,,Q,A,R,6304,7937,3,2320,17290810,,,,,,,,,,,,,,,,,,,,,,,,,49.600,51.180,50.610,544735.000,0.003171,50.570,50.670,169371.000,1.000,1.000,50.460,1468.000,0.003171,0.003,0.003,0.003,0.002,0.004
23660,2001/08/03,,11,3,2320,17290810,CTAS,CINTAS CORP,,CTAS,,Q,A,R,6304,7937,3,2320,17290810,,,,,,,,,,,,,,,,,,,,,,,,,49.750,51.450,49.970,702756.000,-0.012646,49.930,49.970,169371.000,1.000,1.000,51.000,1615.000,-0.012646,-0.005,-0.005,0.001,0.000,-0.005
23660,2001/08/06,,11,3,2320,17290810,CTAS,CINTAS CORP,,CTAS,,Q,A,R,6304,7937,3,2320,17290810,,,,,,,,0.000,,,,,,,,,,,,,1.000,2.000,45.000,2.000,49.150,50.050,49.250,660164.000,-0.014409,49.250,49.400,169371.000,1.000,1.000,49.760,1229.000,-0.014409,-0.011,-0.011,-0.006,-0.006,-0.011
23660,2001/08/07,,11,3,2320,17290810,CTAS,CINTAS CORP,,CTAS,,Q,A,R,6304,7937,3,2320,17290810,,,,,,,,0.000,,,,,,,,,,,,,1.000,2.000,44.000,2.000,48.820,49.740,49.160,660470.000,-0.001827,49.160,49.200,169371.000,1.000,1.000,49.350,1436.000,-0.001827,0.002,0.002,-0.000,-0.000,0.003
23660,2001/08/08,,11,3,2320,17290810,CTAS,CINTAS CORP,,CTAS,,Q,A,R,6304,7937,3,2320,17290810,,,,,,,,,,,,,,,,,,,,,,,,,47.250,49.600,47.350,1166002.000,-0.036819,47.670,47.680,169371.000,1.000,1.000,48.805,2560.000,-0.036819,-0.017,-0.017,-0.010,-0.010,-0.017
23660,2001/08/09,,11,3,2320,17290810,CTAS,CINTAS CORP,,CTAS,,Q,A,R,6304,7937,3,2320,17290810,,,,,,,,0.000,,,,,,,,,,,,,1.000,2.000,45.000,2.000,46.920,48.000,47.450,829795.000,0.002112,47.440,47.450,169371.000,1.000,1.000,47.740,1938.000,0.002112,-0.000,-0.000,-0.001,-0.001,-0.000
23660,2001/08/10,,11,3,2320,17290810,CTAS,CINTAS CORP,,CTAS,,Q,A,R,6304,7937,3,2320,17290810,,,,,,,,,,,,,,,,,,,,,,,,,46.620,48.170,47.600,893608.000,0.003161,47.600,47.750,169371.000,1.000,1.000,47.700,1813.000,0.003161,0.004,0.004,0.001,0.001,0.006
23660,2001/08/13,,11,3,2320,17290810,CTAS,CINTAS CORP,,CTAS,,Q,A,R,6304,7937,3,2320,17290810,,,,,,,,,,,,,,,,,,,,,,,,,47.090,48.150,48.150,640298.000,0.011555,48.090,48.150,169371.000,1.000,1.000,47.750,1483.000,0.011555,0.002,0.002,0.003,0.002,0.001
23660,2001/08/14,,11,3,2320,17290810,CTAS,CINTAS CORP,,CTAS,,Q,A,R,6304,7937,3,2320,17290810,,,,,,,,,,,,,,,,,,,,,,,,,47.600,48.800,47.720,1020107.000,-0.008930,47.700,47.720,169371.000,1.000,1.000,48.090,1564.000,-0.008930,-0.002,-0.002,0.002,0.002,-0.004
23660,2001/08/15,,11,3,2320,17290810,CTAS,CINTAS CORP,,CTAS,,Q,A,R,6304,7937,3,2320,17290810,,,,,,,,,,,,,,,,,,,,,,,,,46.650,48.200,46.740,1143560.000,-0.020536,46.730,46.740,169371.000,1.000,1.000,47.550,1718.000,-0.020536,-0.007,-0.007,-0.005,-0.005,-0.007
23660,2001/08/16,,11,3,2320,17290810,CTAS,CINTAS CORP,,CTAS,,Q,A,R,6304,7937,3,2320,17290810,,,,,,,,,,,,,,,,,,,,,,,,,46.160,47.350,47.200,1350706.000,0.009842,47.180,47.190,169371.000,1.000,1.000,46.510,2062.000,0.009842,0.002,0.002,-0.002,-0.002,0.003
23660,2001/08/17,,11,3,2320,17290810,CTAS,CINTAS CORP,,CTAS,,Q,A,R,6304,7937,3,2320,17290810,,,,,,,,,,,,,,,,,,,,,,,,,45.610,46.430,45.610,957333.000,-0.033686,45.670,45.680,169371.000,1.000,1.000,46.250,1600.000,-0.033686,-0.016,-0.016,-0.007,-0.007,-0.017
23660,2001/08/20,,11,3,2320,17290810,CTAS,CINTAS CORP,,CTAS,,Q,A,R,6304,7937,3,2320,17290810,,,,,,,,0.000,,,,,,,,,,,,,1.000,2.000,45.000,2.000,45.710,47.850,47.770,1064212.000,0.047358,47.760,47.770,169682.000,1.000,1.000,45.950,1991.000,0.047358,0.007,0.007,-0.000,-0.000,0.008
23660,2001/08/21,,11,3,2320,17290810,CTAS,CINTAS CORP,,CTAS,,Q,A,R,6304,7937,3,2320,17290810,,,,,,,,,,,,,,,,,,,,,,,,,46.900,49.200,48.460,1586027.000,0.014444,48.450,48.470,169682.000,1.000,1.000,47.750,2509.000,0.014444,-0.011,-0.011,-0.008,-0.008,-0.012
23660,2001/08/22,,11,3,2320,17290810,CTAS,CINTAS CORP,,CTAS,,Q,A,R,6304,7937,3,2320,17290810,,,,,,,,,,,,,,,,,,,,,,,,,47.630,49.000,49.000,1141292.000,0.011143,48.850,49.010,169682.000,1.000,1.000,48.360,1799.000,0.011143,0.007,0.007,0.004,0.004,0.007
23660,2001/08/23,,11,3,2320,17290810,CTAS,CINTAS CORP,,CTAS,,Q,A,R,6304,7937,3,2320,17290810,,,,,,,,0.000,,,,,,,,,,,,,1.000,2.000,46.000,2.000,47.550,49.320,47.670,750331.000,-0.027143,47.770,47.900,169682.000,1.000,1.000,48.550,1653.000,-0.027143,-0.003,-0.003,-0.004,-0.004,-0.003
23660,2001/08/24,,11,3,2320,17290810,CTAS,CINTAS CORP,,CTAS,,Q,A,R,6304,7937,3,2320,17290810,,,,,,,,,,,,,,,,,,,,,,,,,47.500,49.110,48.710,926751.000,0.021817,48.700,48.710,169682.000,1.000,1.000,47.950,1629.000,0.021817,0.018,0.018,0.011,0.011,0.020
23660,2001/08/27,,11,3,2320,17290810,CTAS,CINTAS CORP,,CTAS,,Q,A,R,6304,7937,3,2320,17290810,,,,,,,,,,,,,,,,,,,,,,,,,48.490,49.230,48.660,745451.000,-0.001026,48.650,48.660,169682.000,1.000,1.000,48.990,1258.000,-0.001026,-0.004,-0.004,-0.002,-0.002,-0.005
23660,2001/08/28,,11,3,2320,17290810,CTAS,CINTAS CORP,,CTAS,,Q,A,R,6304,7937,3,2320,17290810,,,,,,,,,,,,,,,,,,,,,,,,,46.690,49.090,46.990,1205760.000,-0.034320,46.990,47.000,169682.000,1.000,1.000,49.080,2034.000,-0.034320,-0.014,-0.014,-0.007,-0.007,-0.015
23660,2001/08/29,,11,3,2320,17290810,CTAS,CINTAS CORP,,CTAS,,Q,A,R,6304,7937,3,2320,17290810,,,,,,,,,,,,,,,,,,,,,,,,,45.700,47.400,45.970,836560.000,-0.021707,45.970,45.990,169682.000,1.000,1.000,47.000,2320.000,-0.021707,-0.010,-0.010,-0.003,-0.003,-0.011
23660,2001/08/30,,11,3,2320,17290810,CTAS,CINTAS CORP,,CTAS,,Q,A,R,6304,7937,3,2320,17290810,,,,,,,,,,,,,,,,,,,,,,,,,45.900,47.090,46.960,954634.000,0.021536,46.950,46.960,169682.000,1.000,1.000,46.030,2283.000,0.021536,-0.016,-0.016,-0.009,-0.009,-0.017
23660,2001/08/31,,11,3,2320,17290810,CTAS,CINTAS CORP,,CTAS,,Q,A,R,6304,7937,3,2320,17290810,,,,,,,,0.000,,,,,,,,,,,,,1.000,2.000,46.000,2.000,46.200,47.750,46.560,745157.000,-0.008518,46.510,46.580,169694.000,1.000,1.000,46.550,1895.000,-0.008518,0.004,0.004,0.006,0.006,0.004
23660,2001/09/04,,11,3,2320,17290810,CTAS,CINTAS CORP,,CTAS,,Q,A,R,6304,7937,3,2320,17290810,,,,,,,,,,,,,,,,,,,,,,,,,46.200,48.550,46.460,1118705.000,-0.002148,46.450,46.460,169694.000,1.000,1.000,46.420,2881.000,-0.002148,-0.002,-0.002,-0.006,-0.006,-0.001
23660,2001/09/05,,11,3,2320,17290810,CTAS,CINTAS CORP,,CTAS,,Q,A,R,6304,7937,3,2320,17290810,,,,,,,,,,,,,,,,,,,,,,,,,45.540,47.110,46.250,1228756.000,-0.004520,46.240,46.250,169694.000,1.000,1.000,46.840,2730.000,-0.004520,-0.003,-0.003,-0.009,-0.009,-0.001
23660,2001/09/06,,11,3,2320,17290810,CTAS,CINTAS CORP,,CTAS,,Q,A,R,6304,7937,3,2320,17290810,,,,,,,,,,,,,,,,,,,,,,,,,45.310,47.180,45.500,1076196.000,-0.016216,45.500,45.530,169694.000,1.000,1.000,45.990,2804.000,-0.016216,-0.021,-0.021,-0.014,-0.014,-0.022
23660,2001/09/07,,11,3,2320,17290810,CTAS,CINTAS CORP,,CTAS,,Q,A,R,6304,7937,3,2320,17290810,,,,,,,,,,,,,,,,,,,,,,,,,43.800,46.070,45.440,2018543.000,-0.001319,45.430,45.440,169694.000,1.000,1.000,45.400,3309.000,-0.001319,-0.018,-0.018,-0.012,-0.012,-0.019
23660,2001/09/10,,11,3,2320,17290810,CTAS,CINTAS CORP,,CTAS,,Q,A,R,6304,7937,3,2320,17290810,,,,,,,,,,,,,,,,,,,,,,,,,43.950,45.440,44.740,2230624.000,-0.015405,44.740,44.840,169694.000,1.000,1.000,45.350,3080.000,-0.015405,0.004,0.004,-0.007,-0.007,0.006
23660,2001/09/17,,11,3,2320,17290810,CTAS,CINTAS CORP,,CTAS,,Q,A,R,6304,7937,3,2320,17290810,,,,,,,,0.000,,,,,,,,,,,,,1.000,2.000,44.000,2.000,41.050,44.800,41.060,2081224.000,-0.082253,41.050,41.200,169694.000,1.000,1.000,43.800,3219.000,-0.082253,-0.051,-0.051,-0.042,-0.043,-0.049
23660,2001/09/18,,11,3,2320,17290810,CTAS,CINTAS CORP,,CTAS,,Q,A,R,6304,7937,3,2320,17290810,,,,,,,,,,,,,,,,,,,,,,,,,40.200,41.500,41.180,1901376.000,0.002923,41.130,41.160,169694.000,1.000,1.000,41.150,2428.000,0.002923,-0.008,-0.008,-0.010,-0.010,-0.006
23660,2001/09/19,,11,3,2320,17290810,CTAS,CINTAS CORP,,CTAS,,Q,A,R,6304,7937,3,2320,17290810,,,,,,,,0.000,,,,,,,,,,,,,1.000,2.000,45.000,2.000,37.500,42.200,40.000,3590890.000,-0.028655,40.000,40.000,169694.000,1.000,1.000,41.000,5270.000,-0.028655,-0.017,-0.017,-0.024,-0.024,-0.016
23660,2001/09/20,,11,3,2320,17290810,CTAS,CINTAS CORP,,CTAS,,Q,A,R,6304,7937,3,2320,17290810,,,,,,,,,,,,,,,,,,,,,,,,,38.620,40.800,38.850,1964783.000,-0.028750,38.850,38.940,169694.000,1.000,1.000,39.690,3592.000,-0.028750,-0.031,-0.031,-0.033,-0.033,-0.031
23660,2001/09/21,,11,3,2320,17290810,CTAS,CINTAS CORP,,CTAS,,Q,A,R,6304,7937,3,2320,17290810,,,,,,,,0.000,,,,,,,,,,,,,1.000,2.000,44.000,2.000,37.250,40.640,37.920,2605964.000,-0.023938,37.960,37.970,169694.000,1.000,1.000,38.000,3909.000,-0.023938,-0.019,-0.019,-0.020,-0.020,-0.019
23660,2001/09/24,,11,3,2320,17290810,CTAS,CINTAS CORP,,CTAS,,Q,A,R,6304,7937,3,2320,17290810,,,,,,,,0.000,,,,,,,,,,,,,1.000,2.000,43.000,2.000,39.040,40.470,39.900,1103288.000,0.052215,39.830,39.840,169694.000,1.000,1.000,39.040,2591.000,0.052215,0.038,0.038,0.033,0.033,0.039
23660,2001/09/25,,11,3,2320,17290810,CTAS,CINTAS CORP,,CTAS,,Q,A,R,6304,7937,3,2320,17290810,,,,,,,,,,,,,,,,,,,,,,,,,38.530,40.700,39.410,1051218.000,-0.012281,39.410,39.420,169694.000,1.000,1.000,39.320,2424.000,-0.012281,0.008,0.008,0.004,0.004,0.009
23660,2001/09/26,,11,3,2320,17290810,CTAS,CINTAS CORP,,CTAS,,Q,A,R,6304,7937,3,2320,17290810,,,,,,,,0.000,,,,,,,,,,,,,1.000,2.000,44.000,2.000,38.500,40.090,39.330,1247798.000,-0.002030,39.320,39.330,169694.000,1.000,1.000,39.920,1489.000,-0.002030,-0.006,-0.006,-0.010,-0.010,-0.005
23660,2001/09/27,,11,3,2320,17290810,CTAS,CINTAS CORP,,CTAS,,Q,A,R,6304,7937,3,2320,17290810,,,,,,,,0.000,,,,,,,,,,,,,1.000,2.000,45.000,2.000,38.840,40.060,39.860,1253014.000,0.013476,39.840,39.850,169694.000,1.000,1.000,39.400,1800.000,0.013476,0.011,0.011,-0.001,-0.001,0.011
23660,2001/09/28,,11,3,2320,17290810,CTAS,CINTAS CORP,,CTAS,,Q,A,R,6304,7937,3,2320,17290810,,,,,,,,0.000,,,,,,,,,,,,,1.000,2.000,45.000,2.000,39.890,40.950,40.300,1680161.000,0.011039,40.300,40.310,169713.000,1.000,1.000,40.400,2226.000,0.011039,0.023,0.023,0.025,0.025,0.022
23660,2001/10/01,,11,3,2320,17290810,CTAS,CINTAS CORP,,CTAS,,Q,A,R,6304,7937,3,2320,17290810,,,,,,,,0.000,,,,,,,,,,,,,1.000,2.000,46.000,2.000,38.120,40.100,39.090,1415373.000,-0.030025,39.080,39.080,169713.000,1.000,1.000,40.090,2525.000,-0.030025,-0.004,-0.004,-0.010,-0.010,-0.002
23660,2001/10/02,,11,3,2320,17290810,CTAS,CINTAS CORP,,CTAS,,Q,A,R,6304,7937,3,2320,17290810,,,,,,,,,,,,,,,,,,,,,,,,,38.120,39.500,38.990,1594205.000,-0.002558,38.980,38.990,169713.000,1.000,1.000,39.150,2769.000,-0.002558,0.012,0.012,0.007,0.007,0.012
23660,2001/10/03,,11,3,2320,17290810,CTAS,CINTAS CORP,,CTAS,,Q,A,R,6304,7937,3,2320,17290810,,,,,,,,,,,,,,,,,,,,,,,,,37.870,41.440,40.590,2913491.000,0.041036,40.590,40.600,169713.000,1.000,1.000,38.400,4912.000,0.041036,0.022,0.022,0.021,0.021,0.020
23660,2001/10/04,,11,3,2320,17290810,CTAS,CINTAS CORP,,CTAS,,Q,A,R,6304,7937,3,2320,17290810,,,,,,,,0.000,,,,,,,,,,,,,1.000,2.000,47.000,2.000,40.020,41.800,40.860,1828899.000,0.006652,40.770,40.850,169713.000,1.000,1.000,40.580,3446.000,0.006652,-0.000,-0.000,0.011,0.011,-0.002
23660,2001/10/05,,11,3,2320,17290810,CTAS,CINTAS CORP,,CTAS,,Q,A,R,6304,7937,3,2320,17290810,,,,,,,,,,,,,,,,,,,,,,,,,39.180,41.100,39.990,1332628.000,-0.021292,39.960,40.010,169713.000,1.000,1.000,40.340,2454.000,-0.021292,0.000,0.000,0.001,0.000,0.002
23660,2001/10/08,,11,3,2320,17290810,CTAS,CINTAS CORP,,CTAS,,Q,A,R,6304,7937,3,2320,17290810,,,,,,,,0.000,,,,,,,,,,,,,1.000,2.000,49.000,2.000,38.450,39.890,39.040,934476.000,-0.023756,39.040,39.060,169713.000,1.000,1.000,39.740,2069.000,-0.023756,-0.008,-0.008,-0.002,-0.002,-0.008
23660,2001/10/09,,11,3,2320,17290810,CTAS,CINTAS CORP,,CTAS,,Q,A,R,6304,7937,3,2320,17290810,,,,,,,,0.000,,,,,,,,,,,,,1.000,2.000,48.000,2.000,38.000,39.080,38.450,778015.000,-0.015113,38.440,38.450,169713.000,1.000,1.000,39.030,1882.000,-0.015113,-0.005,-0.005,-0.004,-0.004,-0.005
23660,2001/10/10,,11,3,2320,17290810,CTAS,CINTAS CORP,,CTAS,,Q,A,R,6304,7937,3,2320,17290810,,,,,,,,0.000,,,,,,,,,,,,,1.000,2.000,47.000,2.000,38.500,40.030,39.680,1256389.000,0.031990,39.670,39.730,169713.000,1.000,1.000,38.500,2303.000,0.031990,0.023,0.023,0.019,0.019,0.023
23660,2001/10/11,,11,3,2320,17290810,CTAS,CINTAS CORP,,CTAS,,Q,A,R,6304,7937,3,2320,17290810,,,,,,,,0.000,,,,,,,,,,,,,1.000,2.000,48.000,2.000,40.000,41.320,41.310,1774912.000,0.041079,41.300,41.310,169713.000,1.000,1.000,40.040,2735.000,0.041079,0.017,0.017,0.019,0.019,0.015
23660,2001/10/12,,11,3,2320,17290810,CTAS,CINTAS CORP,,CTAS,,Q,A,R,6304,7937,3,2320,17290810,,,,,,,,0.000,,,,,,,,,,,,,1.000,2.000,49.000,2.000,38.660,41.170,40.170,1313154.000,-0.027596,40.140,40.170,169713.000,1.000,1.000,41.150,2947.000,-0.027596,-0.005,-0.005,0.000,0.000,-0.005
23660,2001/10/15,,11,3,2320,17290810,CTAS,CINTAS CORP,,CTAS,,Q,A,R,6304,7937,3,2320,17290810,,,,,,,,0.000,,,,,,,,,,,,,1.000,2.000,47.000,2.000,39.940,41.550,41.380,964030.000,0.030122,41.380,41.390,169713.000,1.000,1.000,40.120,2009.000,0.030122,-0.001,-0.001,0.003,0.003,-0.002
23660,2001/10/16,,11,3,2320,17290810,CTAS,CINTAS CORP,,CTAS,,Q,A,R,6304,7937,3,2320,17290810,,,,,,,,,,,,,,,,,,,,,,,,,41.420,42.250,41.860,683211.000,0.011600,41.840,41.850,169713.000,1.000,1.000,42.000,1733.000,0.011600,0.008,0.008,0.011,0.011,0.007
23660,2001/10/17,,11,3,2320,17290810,CTAS,CINTAS CORP,,CTAS,,Q,A,R,6304,7937,3,2320,17290810,,,,,,,,,,,,,,,,,,,,,,,,,40.570,42.640,40.600,1655577.000,-0.030100,40.570,40.590,169713.000,1.000,1.000,42.480,3192.000,-0.030100,-0.019,-0.019,-0.006,-0.006,-0.019
23660,2001/10/18,,11,3,2320,17290810,CTAS,CINTAS CORP,,CTAS,,Q,A,R,6304,7937,3,2320,17290810,,,,,,,,0.000,,,,,,,,,,,,,1.000,2.000,48.000,2.000,39.800,41.300,40.910,669461.000,0.007636,40.900,40.910,169713.000,1.000,1.000,40.540,1968.000,0.007636,-0.007,-0.007,-0.005,-0.005,-0.008
23660,2001/10/19,,11,3,2320,17290810,CTAS,CINTAS CORP,,CTAS,,Q,A,R,6304,7937,3,2320,17290810,,,,,,,,0.000,,,,,,,,,,,,,1.000,2.000,46.000,2.000,39.670,41.180,41.100,481388.000,0.004644,41.090,41.110,169713.000,1.000,1.000,40.800,1515.000,0.004644,0.005,0.005,0.005,0.005,0.005
23660,2001/10/22,,11,3,2320,17290810,CTAS,CINTAS CORP,,CTAS,,Q,A,R,6304,7937,3,2320,17290810,,,,,,,,0.000,,,,,,,,,,,,,1.000,2.000,47.000,2.000,40.110,42.250,41.930,792532.000,0.020195,41.800,41.930,169713.000,1.000,1.000,40.745,2035.000,0.020195,0.015,0.015,0.008,0.008,0.015
23660,2001/10/23,,11,3,2320,17290810,CTAS,CINTAS CORP,,CTAS,,Q,A,R,6304,7937,3,2320,17290810,,,,,,,,0.000,,,,,,,,,,,,,1.000,2.000,45.000,2.000,40.890,42.880,41.490,563509.000,-0.010494,41.240,41.480,169713.000,1.000,1.000,42.390,2138.000,-0.010494,-0.004,-0.004,0.000,0.000,-0.005
23660,2001/10/24,,11,3,2320,17290810,CTAS,CINTAS CORP,,CTAS,,Q,A,R,6304,7937,3,2320,17290810,,,,,,,,,,,,,,,,,,,,,,,,,41.180,43.350,41.880,787693.000,0.009400,41.840,41.900,169713.000,1.000,1.000,42.000,2351.000,0.009400,0.001,0.001,0.004,0.004,0.000
23660,2001/10/25,,11,3,2320,17290810,CTAS,CINTAS CORP,,CTAS,,Q,A,R,6304,7937,3,2320,17290810,,,,,,,,0.000,,,,,,,,,,,,,1.000,2.000,46.000,2.000,40.640,43.500,43.350,815838.000,0.035100,43.120,43.500,169713.000,1.000,1.000,41.520,2468.000,0.035100,0.014,0.014,0.011,0.011,0.014
23660,2001/10/26,,11,3,2320,17290810,CTAS,CINTAS CORP,,CTAS,,Q,A,R,6304,7937,3,2320,17290810,,,,,,,,0.000,,,,,,,,,,,,,1.000,2.000,45.000,2.000,42.610,43.900,43.310,794764.000,-0.000923,43.310,43.320,169713.000,1.000,1.000,43.050,2014.000,-0.000923,0.004,0.004,0.007,0.007,0.004
23660,2001/10/29,,11,3,2320,17290810,CTAS,CINTAS CORP,,CTAS,,Q,A,R,6304,7937,3,2320,17290810,,,,,,,,0.000,,,,,,,,,,,,,1.000,2.000,46.000,2.000,41.210,43.110,41.290,774108.000,-0.046641,41.270,41.330,169713.000,1.000,1.000,42.860,2274.000,-0.046641,-0.023,-0.023,-0.009,-0.009,-0.024
23660,2001/10/30,,11,3,2320,17290810,CTAS,CINTAS CORP,,CTAS,,Q,A,R,6304,7937,3,2320,17290810,,,,,,,,0.000,,,,,,,,,,,,,1.000,2.000,45.000,2.000,39.950,41.250,40.420,655395.000,-0.021071,40.420,40.430,169713.000,1.000,1.000,40.930,2021.000,-0.021071,-0.017,-0.017,-0.011,-0.012,-0.017
23660,2001/10/31,,11,3,2320,17290810,CTAS,CINTAS CORP,,CTAS,,Q,A,R,6304,7937,3,2320,17290810,,,,,,,,,,,,,,,,,,,,,,,,,40.150,41.700,40.420,770771.000,0.000000,40.350,40.420,169713.000,1.000,1.000,40.580,2084.000,0.000000,0.002,0.002,0.011,0.011,-0.000
23660,2001/11/01,,11,3,2320,17290810,CTAS,CINTAS CORP,,CTAS,,Q,A,R,6304,7937,3,2320,17290810,,,,,,,,0.000,,,,,,,,,,,,,1.000,2.000,46.000,2.000,39.640,41.000,40.390,1417043.000,-0.000742,40.400,40.410,169713.000,1.000,1.000,40.320,2722.000,-0.000742,0.021,0.021,0.009,0.009,0.023
23660,2001/11/02,,11,3,2320,17290810,CTAS,CINTAS CORP,,CTAS,,Q,A,R,6304,7937,3,2320,17290810,,,,,,,,,,,,,,,,,,,,,,,,,39.780,41.150,40.990,529435.000,0.014855,40.980,40.990,169713.000,1.000,1.000,40.340,1678.000,0.014855,0.002,0.002,-0.001,-0.001,0.003
23660,2001/11/05,,11,3,2320,17290810,CTAS,CINTAS CORP,,CTAS,,Q,A,R,6304,7937,3,2320,17290810,,,,,,,,0.000,,,,,,,,,,,,,1.000,2.000,45.000,2.000,41.360,42.990,42.640,718455.000,0.040254,42.530,42.640,169713.000,1.000,1.000,41.370,1914.000,0.040254,0.014,0.014,0.008,0.008,0.014
23660,2001/11/06,,11,3,2320,17290810,CTAS,CINTAS CORP,,CTAS,,Q,A,R,6304,7937,3,2320,17290810,,,,,,,,,,,,,,,,,,,,,,,,,41.250,43.800,43.700,950876.000,0.024859,43.700,43.710,169713.000,1.000,1.000,41.750,2583.000,0.024859,0.014,0.014,0.007,0.007,0.015
23660,2001/11/07,,11,3,2320,17290810,CTAS,CINTAS CORP,,CTAS,,Q,A,R,6304,7937,3,2320,17290810,,,,,,,,,,,,,,,,,,,,,,,,,43.070,44.450,44.120,1002547.000,0.009611,44.110,44.120,169713.000,1.000,1.000,43.700,2683.000,0.009611,-0.002,-0.002,0.001,0.001,-0.003
23660,2001/11/08,,11,3,2320,17290810,CTAS,CINTAS CORP,,CTAS,,Q,A,R,6304,7937,3,2320,17290810,,,,,,,,0.000,,,,,,,,,,,,,1.000,2.000,47.000,2.000,43.300,45.450,43.640,1236762.000,-0.010879,43.640,43.650,169713.000,1.000,1.000,44.250,2942.000,-0.010879,0.001,0.001,0.003,0.003,0.002
23660,2001/11/09,,11,3,2320,17290810,CTAS,CINTAS CORP,,CTAS,,Q,A,R,6304,7937,3,2320,17290810,,,,,,,,0.000,,,,,,,,,,,,,1.000,2.000,46.000,2.000,42.810,44.870,44.060,595682.000,0.009624,44.060,44.060,169713.000,1.000,1.000,43.660,2196.000,0.009624,0.001,0.001,0.003,0.003,0.002
23660,2001/11/12,,11,3,2320,17290810,CTAS,CINTAS CORP,,CTAS,,Q,A,R,6304,7937,3,2320,17290810,,,,,,,,0.000,,,,,,,,,,,,,1.000,2.000,47.000,2.000,42.010,44.500,43.760,728317.000,-0.006809,43.730,43.920,169713.000,1.000,1.000,43.700,2535.000,-0.006809,-0.001,-0.001,0.001,0.001,-0.002
23660,2001/11/13,,11,3,2320,17290810,CTAS,CINTAS CORP,,CTAS,,Q,A,R,6304,7937,3,2320,17290810,,,,,,,,0.000,,,,,,,,,,,,,1.000,2.000,46.000,2.000,44.050,45.910,45.710,1009392.000,0.044561,45.700,45.710,169713.000,1.000,1.000,44.500,2443.000,0.044561,0.019,0.018,0.014,0.014,0.019
23660,2001/11/14,,11,3,2320,17290810,CTAS,CINTAS CORP,,CTAS,,Q,A,R,6304,7937,3,2320,17290810,,,,,,,,0.000,,,,,,,,,,,,,1.000,2.000,47.000,2.000,43.800,45.660,45.110,2111406.000,-0.013126,45.070,45.110,169713.000,1.000,1.000,43.870,3840.000,-0.013126,0.003,0.003,0.008,0.007,0.002
23660,2001/11/15,,11,3,2320,17290810,CTAS,CINTAS CORP,,CTAS,,Q,A,R,6304,7937,3,2320,17290810,,,,,,,,0.000,,,,,,,,,,,,,1.000,2.000,46.000,2.000,44.770,45.950,45.290,688843.000,0.003990,45.270,45.290,169713.000,1.000,1.000,45.000,1855.000,0.003990,0.000,0.000,0.000,0.000,0.001
23660,2001/11/16,,11,3,2320,17290810,CTAS,CINTAS CORP,,CTAS,,Q,A,R,6304,7937,3,2320,17290810,,,,,,,,,,,,,,,,,,,,,,,,,44.230,45.810,44.750,1355163.000,-0.011923,44.740,44.760,169713.000,1.000,1.000,45.590,2140.000,-0.011923,-0.002,-0.002,0.006,0.006,-0.003
23660,2001/11/19,,11,3,2320,17290810,CTAS,CINTAS CORP,,CTAS,,Q,A,R,6304,7937,3,2320,17290810,,,,,,,,,,,,,,,,,,,,,,,,,43.900,45.150,44.600,771654.000,-0.003352,44.550,44.600,169713.000,1.000,1.000,44.900,1724.000,-0.003352,0.012,0.012,0.012,0.012,0.011
23660,2001/11/20,,11,3,2320,17290810,CTAS,CINTAS CORP,,CTAS,,Q,A,R,6304,7937,3,2320,17290810,,,,,,,,,,,,,,,,,,,,,,,,,42.780,44.500,42.800,778037.000,-0.040359,42.770,42.790,169713.000,1.000,1.000,44.500,2243.000,-0.040359,-0.008,-0.008,-0.005,-0.005,-0.007
23660,2001/11/21,,11,3,2320,17290810,CTAS,CINTAS CORP,,CTAS,,Q,A,R,6304,7937,3,2320,17290810,,,,,,,,0.000,,,,,,,,,,,,,1.000,2.000,47.000,2.000,42.480,43.250,42.920,697726.000,0.002804,42.910,43.020,169713.000,1.000,1.000,43.040,1855.000,0.002804,-0.004,-0.005,0.000,0.000,-0.005
23660,2001/11/23,,11,3,2320,17290810,CTAS,CINTAS CORP,,CTAS,,Q,A,R,6304,7937,3,2320,17290810,,,,,,,,0.000,,,,,,,,,,,,,1.000,2.000,46.000,2.000,43.030,43.440,43.340,246393.000,0.009786,43.310,43.340,169713.000,1.000,1.000,43.210,754.000,0.009786,0.012,0.012,0.010,0.010,0.012
23660,2001/11/26,,11,3,2320,17290810,CTAS,CINTAS CORP,,CTAS,,Q,A,R,6304,7937,3,2320,17290810,,,,,,,,0.000,,,,,,,,,,,,,1.000,2.000,47.000,2.000,42.880,43.650,43.520,834516.000,0.004153,43.510,43.520,169713.000,1.000,1.000,43.230,1696.000,0.004153,0.007,0.007,0.006,0.006,0.006
23660,2001/11/27,,11,3,2320,17290810,CTAS,CINTAS CORP,,CTAS,,Q,A,R,6304,7937,3,2320,17290810,,,,,,,,0.000,,,,,,,,,,,,,1.000,2.000,46.000,2.000,43.050,43.860,43.230,1227048.000,-0.006664,43.220,43.300,169713.000,1.000,1.000,43.440,1896.000,-0.006664,-0.005,-0.005,0.002,0.002,-0.007
23660,2001/11/28,,11,3,2320,17290810,CTAS,CINTAS CORP,,CTAS,,Q,A,R,6304,7937,3,2320,17290810,,,,,,,,0.000,,,,,,,,,,,,,1.000,2.000,47.000,2.000,41.850,43.161,42.060,919712.000,-0.027064,42.060,42.140,169713.000,1.000,1.000,43.120,2301.000,-0.027064,-0.017,-0.018,-0.010,-0.010,-0.018
23660,2001/11/29,,11,3,2320,17290810,CTAS,CINTAS CORP,,CTAS,,Q,A,R,6304,7937,3,2320,17290810,,,,,,,,,,,,,,,,,,,,,,,,,41.580,43.480,43.300,928990.000,0.029482,43.160,43.310,169713.000,1.000,1.000,41.730,2184.000,0.029482,0.011,0.011,0.009,0.009,0.010
23660,2001/11/30,,11,3,2320,17290810,CTAS,CINTAS CORP,,CTAS,,Q,A,R,6304,7937,3,2320,17290810,,,,,,,,0.000,,,,,,,,,,,,,1.000,2.000,47.000,2.000,42.370,43.430,42.740,605158.000,-0.012933,42.730,42.780,169735.000,1.000,1.000,43.320,1783.000,-0.012933,-0.001,-0.001,0.001,0.001,-0.001
23660,2001/12/03,,11,3,2320,17290810,CTAS,CINTAS CORP,,CTAS,,Q,A,R,6304,7937,3,2320,17290810,,,,,,,,,,,,,,,,,,,,,,,,,40.960,43.000,41.760,786810.000,-0.022929,41.760,41.770,169735.000,1.000,1.000,42.800,2323.000,-0.022929,-0.008,-0.008,-0.007,-0.007,-0.008
23660,2001/12/04,,11,3,2320,17290810,CTAS,CINTAS CORP,,CTAS,,Q,A,R,6304,7937,3,2320,17290810,,,,,,,,,,,,,,,,,,,,,,,,,41.450,43.000,42.930,551751.000,0.028017,42.930,42.940,169735.000,1.000,1.000,41.660,1566.000,0.028017,0.015,0.015,0.012,0.012,0.013
23660,2001/12/05,,11,3,2320,17290810,CTAS,CINTAS CORP,,CTAS,,Q,A,R,6304,7937,3,2320,17290810,,,,,,,,0.000,,,,,,,,,,,,,1.000,2.000,48.000,2.000,43.010,46.000,45.610,1391112.000,0.062427,45.690,45.700,169735.000,1.000,1.000,43.150,2841.000,0.062427,0.023,0.023,0.017,0.017,0.022
23660,2001/12/06,,11,3,2320,17290810,CTAS,CINTAS CORP,,CTAS,,Q,A,R,6304,7937,3,2320,17290810,,,,,,,,0.000,,,,,,,,,,,,,1.000,2.000,47.000,2.000,45.360,47.400,46.700,1819721.000,0.023898,46.700,46.710,169735.000,1.000,1.000,45.700,2897.000,0.023898,-0.001,-0.001,0.006,0.006,-0.003
23660,2001/12/07,,11,3,2320,17290810,CTAS,CINTAS CORP,,CTAS,,Q,A,R,6304,7937,3,2320,17290810,,,,,,,,0.000,,,,,,,,,,,,,1.000,2.000,48.000,2.000,45.750,47.210,46.560,677818.000,-0.002998,46.550,46.560,169735.000,1.000,1.000,46.950,1611.000,-0.002998,-0.007,-0.007,0.002,0.002,-0.008
23660,2001/12/10,,11,3,2320,17290810,CTAS,CINTAS CORP,,CTAS,,Q,A,R,6304,7937,3,2320,17290810,,,,,,,,,,,,,,,,,,,,,,,,,45.520,47.590,45.730,787945.000,-0.017826,45.730,45.740,169735.000,1.000,1.000,46.470,2077.000,-0.017826,-0.015,-0.015,-0.007,-0.007,-0.016
23660,2001/12/11,,11,3,2320,17290810,CTAS,CINTAS CORP,,CTAS,,Q,A,R,6304,7937,3,2320,17290810,,,,,,,,,,,,,,,,,,,,,,,,,45.460,48.590,47.430,1120809.000,0.037175,47.420,47.430,169735.000,1.000,1.000,45.690,2844.000,0.037175,-0.002,-0.002,0.003,0.003,-0.003
23660,2001/12/12,,11,3,2320,17290810,CTAS,CINTAS CORP,,CTAS,,Q,A,R,6304,7937,3,2320,17290810,,,,,,,,0.000,,,,,,,,,,,,,1.000,2.000,47.000,2.000,46.990,48.050,47.760,726499.000,0.006958,47.750,47.760,169735.000,1.000,1.000,47.440,2063.000,0.006958,0.001,0.000,0.002,0.002,0.000
23660,2001/12/13,,11,3,2320,17290810,CTAS,CINTAS CORP,,CTAS,,Q,A,R,6304,7937,3,2320,17290810,,,,,,,,0.000,,,,,,,,,,,,,1.000,2.000,46.000,2.000,46.090,47.800,46.450,596376.000,-0.027429,46.320,46.390,169735.000,1.000,1.000,47.750,1892.000,-0.027429,-0.015,-0.015,-0.008,-0.008,-0.016
23660,2001/12/14,,11,3,2320,17290810,CTAS,CINTAS CORP,,CTAS,,Q,A,R,6304,7937,3,2320,17290810,,,,,,,,,,,,,,,,,,,,,,,,,45.850,47.500,46.910,592254.000,0.009903,46.910,46.920,169735.000,1.000,1.000,46.260,1819.000,0.009903,0.003,0.003,0.002,0.002,0.003
23660,2001/12/17,,11,3,2320,17290810,CTAS,CINTAS CORP,,CTAS,,Q,A,R,6304,7937,3,2320,17290810,,,,,,,,0.000,,,,,,,,,,,,,1.000,2.000,47.000,2.000,46.700,48.440,47.950,738747.000,0.022170,47.950,48.020,169735.000,1.000,1.000,46.810,1774.000,0.022170,0.010,0.010,0.005,0.005,0.010
23660,2001/12/18,,11,3,2320,17290810,CTAS,CINTAS CORP,,CTAS,,Q,A,R,6304,7937,3,2320,17290810,,,,,,,,,,,,,,,,,,,,,,,,,48.050,50.000,49.900,1258395.000,0.040667,49.900,49.910,169735.000,1.000,1.000,48.050,2511.000,0.040667,0.008,0.008,0.007,0.007,0.008
23660,2001/12/19,,11,3,2320,17290810,CTAS,CINTAS CORP,,CTAS,,Q,A,R,6304,7937,3,2320,17290810,,,,,,,,,,,,,,,,,,,,,,,,,49.210,50.619,49.580,1513464.000,-0.006413,49.450,49.580,169735.000,1.000,1.000,49.650,2559.000,-0.006413,0.004,0.004,-0.003,-0.003,0.006
23660,2001/12/20,,11,3,2320,17290810,CTAS,CINTAS CORP,,CTAS,,Q,A,R,6304,7937,3,2320,17290810,,,,,,,,,,,,,,,,,,,,,,,,,47.960,49.420,48.400,915092.000,-0.023800,48.400,48.530,169735.000,1.000,1.000,49.220,2343.000,-0.023800,-0.009,-0.009,-0.009,-0.009,-0.008
23660,2001/12/21,,11,3,2320,17290810,CTAS,CINTAS CORP,,CTAS,,Q,A,R,6304,7937,3,2320,17290810,,,,,,,,,,,,,,,,,,,,,,,,,47.660,49.440,48.600,2244491.000,0.004132,48.590,48.600,169735.000,1.000,1.000,48.500,2825.000,0.004132,0.006,0.006,0.010,0.010,0.004
23660,2001/12/24,,11,3,2320,17290810,CTAS,CINTAS CORP,,CTAS,,Q,A,R,6304,7937,3,2320,17290810,,,,,,,,0.000,,,,,,,,,,,,,1.000,2.000,46.000,2.000,48.300,49.051,48.700,297879.000,0.002058,48.710,48.810,169735.000,1.000,1.000,48.460,708.000,0.002058,0.000,0.000,0.004,0.004,-0.000
23660,2001/12/26,,11,3,2320,17290810,CTAS,CINTAS CORP,,CTAS,,Q,A,R,6304,7937,3,2320,17290810,,,,,,,,0.000,,,,,,,,,,,,,1.000,2.000,47.000,2.000,48.710,50.350,49.340,716781.000,0.013142,49.340,49.440,169735.000,1.000,1.000,48.800,1776.000,0.013142,0.005,0.005,0.007,0.007,0.004
23660,2001/12/27,,11,3,2320,17290810,CTAS,CINTAS CORP,,CTAS,,Q,A,R,6304,7937,3,2320,17290810,,,,,,,,0.000,,,,,,,,,,,,,1.000,2.000,48.000,2.000,48.700,49.600,49.150,779184.000,-0.003851,49.080,49.150,169735.000,1.000,1.000,49.550,1657.000,-0.003851,0.007,0.007,0.008,0.008,0.007
23660,2001/12/28,,11,3,2320,17290810,CTAS,CINTAS CORP,,CTAS,,Q,A,R,6304,7937,3,2320,17290810,,,,,,,,,,,,,,,,,,,,,,,,,49.080,49.980,49.690,738685.000,0.010987,49.680,49.690,169735.000,1.000,1.000,49.090,1756.000,0.010987,0.004,0.004,0.009,0.009,0.003
23660,2001/12/31,,11,3,2320,17290810,CTAS,CINTAS CORP,,CTAS,,Q,A,R,6304,7937,3,2320,17290810,,,,,,,,0.000,,,,,,,,,,,,,1.000,2.000,48.000,2.000,47.950,49.650,48.000,741009.000,-0.034011,48.000,47.970,169767.000,1.000,1.000,49.640,1872.000,-0.034011,-0.010,-0.010,0.007,0.007,-0.011
23660,2002/01/02,,11,3,2320,17290810,CTAS,CINTAS CORP,,CTAS,,Q,A,R,6304,7937,3,2320,17290810,,,,,,,,0.000,,,,,,,,,,,,,1.000,2.000,49.000,2.000,47.090,48.970,48.600,1072484.000,0.012500,48.460,48.600,169767.000,1.000,1.000,48.460,2503.000,0.012500,0.004,0.004,0.008,0.008,0.006
23660,2002/01/03,,11,3,2320,17290810,CTAS,CINTAS CORP,,CTAS,,Q,A,R,6304,7937,3,2320,17290810,,,,,,,,0.000,,,,,,,,,,,,,1.000,2.000,48.000,2.000,47.980,49.350,49.300,588865.000,0.014403,49.280,49.290,169767.000,1.000,1.000,48.980,1954.000,0.014403,0.010,0.010,0.013,0.013,0.009
23660,2002/01/04,,11,3,2320,17290810,CTAS,CINTAS CORP,,CTAS,,Q,A,R,6304,7937,3,2320,17290810,,,,,,,,0.000,,,,,,,,,,,,,1.000,2.000,49.000,2.000,48.030,49.590,49.320,388910.000,0.000406,49.200,49.320,169767.000,1.000,1.000,49.220,1434.000,0.000406,0.007,0.007,0.011,0.011,0.006
23660,2002/01/07,,11,3,2320,17290810,CTAS,CINTAS CORP,,CTAS,,Q,A,R,6304,7937,3,2320,17290810,,,,,,,,0.000,,,,,,,,,,,,,1.000,2.000,48.000,2.000,48.890,50.000,48.940,709966.000,-0.007705,48.890,49.140,169767.000,1.000,1.000,49.230,2086.000,-0.007705,-0.007,-0.007,-0.000,-0.000,-0.006
23660,2002/01/08,,11,3,2320,17290810,CTAS,CINTAS CORP,,CTAS,,Q,A,R,6304,7937,3,2320,17290810,,,,,,,,,,,,,,,,,,,,,,,,,49.050,50.150,49.950,751963.000,0.020638,49.940,49.950,169767.000,1.000,1.000,49.250,2017.000,0.020638,-0.002,-0.003,0.005,0.005,-0.004
23660,2002/01/09,,11,3,2320,17290810,CTAS,CINTAS CORP,,CTAS,,Q,A,R,6304,7937,3,2320,17290810,,,,,,,,0.000,,,,,,,,,,,,,1.000,2.000,49.000,2.000,48.900,51.220,49.260,983467.000,-0.013814,49.250,49.360,169767.000,1.000,1.000,50.290,2661.000,-0.013814,-0.004,-0.004,0.001,0.001,-0.005
23660,2002/01/10,,11,3,2320,17290810,CTAS,CINTAS CORP,,CTAS,,Q,A,R,6304,7937,3,2320,17290810,,,,,,,,,,,,,,,,,,,,,,,,,48.560,50.050,49.680,682026.000,0.008526,49.670,49.680,169767.000,1.000,1.000,49.170,1861.000,0.008526,0.001,0.001,0.000,0.000,0.001
23660,2002/01/11,,11,3,2320,17290810,CTAS,CINTAS CORP,,CTAS,,Q,A,R,6304,7937,3,2320,17290810,,,,,,,,,,,,,,,,,,,,,,,,,48.590,50.090,48.990,748047.000,-0.013889,48.990,49.000,169767.000,1.000,1.000,49.850,1790.000,-0.013889,-0.009,-0.009,-0.004,-0.004,-0.009
23660,2002/01/14,,11,3,2320,17290810,CTAS,CINTAS CORP,,CTAS,,Q,A,R,6304,7937,3,2320,17290810,,,,,,,,,,,,,,,,,,,,,,,,,48.270,48.990,48.360,775295.000,-0.012860,48.360,48.600,169767.000,1.000,1.000,48.990,1624.000,-0.012860,-0.008,-0.008,-0.010,-0.010,-0.006
23660,2002/01/15,,11,3,2320,17290810,CTAS,CINTAS CORP,,CTAS,,Q,A,R,6304,7937,3,2320,17290810,,,,,,,,,,,,,,,,,,,,,,,,,47.850,49.090,48.680,742413.000,0.006617,48.670,48.680,169767.000,1.000,1.000,48.750,2057.000,0.006617,0.006,0.006,0.001,0.001,0.007
23660,2002/01/16,,11,3,2320,17290810,CTAS,CINTAS CORP,,CTAS,,Q,A,R,6304,7937,3,2320,17290810,,,,,,,,,,,,,,,,,,,,,,,,,47.720,49.400,48.680,1032800.000,0.000000,48.600,48.690,169767.000,1.000,1.000,48.640,2643.000,0.000000,-0.016,-0.016,-0.011,-0.011,-0.016
23660,2002/01/17,,11,3,2320,17290810,CTAS,CINTAS CORP,,CTAS,,Q,A,R,6304,7937,3,2320,17290810,,,,,,,,,,,,,,,,,,,,,,,,,48.291,50.070,49.750,1061113.000,0.021980,49.710,49.750,169767.000,1.000,1.000,48.970,2415.000,0.021980,0.010,0.010,0.007,0.007,0.010
23660,2002/01/18,,11,3,2320,17290810,CTAS,CINTAS CORP,,CTAS,,Q,A,R,6304,7937,3,2320,17290810,,,,,,,,,,,,,,,,,,,,,,,,,48.960,49.580,48.990,1099473.000,-0.015276,48.990,49.000,169767.000,1.000,1.000,49.150,2409.000,-0.015276,-0.010,-0.010,-0.006,-0.006,-0.010
23660,2002/01/22,,11,3,2320,17290810,CTAS,CINTAS CORP,,CTAS,,Q,A,R,6304,7937,3,2320,17290810,,,,,,,,,,,,,,,,,,,,,,,,,48.500,49.690,48.500,844828.000,-0.010002,48.500,48.620,169767.000,1.000,1.000,49.500,2136.000,-0.010002,-0.008,-0.008,-0.008,-0.008,-0.007
23660,2002/01/23,,11,3,2320,17290810,CTAS,CINTAS CORP,,CTAS,,Q,A,R,6304,7937,3,2320,17290810,,,,,,,,0.000,,,,,,,,,,,,,1.000,2.000,50.000,2.000,48.120,49.400,49.020,697691.000,0.010722,49.020,49.050,169767.000,1.000,1.000,48.780,2019.000,0.010722,0.009,0.009,0.008,0.008,0.008
23660,2002/01/24,,11,3,2320,17290810,CTAS,CINTAS CORP,,CTAS,,Q,A,R,6304,7937,3,2320,17290810,,,,,,,,,,,,,,,,,,,,,,,,,48.630,50.180,50.140,1212377.000,0.022848,50.140,50.150,169767.000,1.000,1.000,49.130,2022.000,0.022848,0.004,0.004,0.006,0.006,0.004
23660,2002/01/25,,11,3,2320,17290810,CTAS,CINTAS CORP,,CTAS,,Q,A,R,6304,7937,3,2320,17290810,,,,,,,,,,,,,,,,,,,,,,,,,49.660,50.640,49.910,1449660.000,-0.004587,49.910,49.920,169767.000,1.000,1.000,50.150,1747.000,-0.004587,0.001,0.001,0.000,0.000,0.001
23660,2002/01/28,,11,3,2320,17290810,CTAS,CINTAS CORP,,CTAS,,Q,A,R,6304,7937,3,2320,17290810,,,,,,,,,,,,,,,,,,,,,,,,,49.390,50.300,49.900,713713.000,-0.000200,49.890,49.900,169767.000,1.000,1.000,50.030,1543.000,-0.000200,0.000,0.000,0.000,0.000,-0.000
23660,2002/01/29,,11,3,2320,17290810,CTAS,CINTAS CORP,,CTAS,,Q,A,R,6304,7937,3,2320,17290810,,,,,,,,0.000,,,,,,,,,,,,,1.000,2.000,49.000,2.000,48.749,50.400,49.360,1056661.000,-0.010822,49.360,49.370,169767.000,1.000,1.000,50.040,2644.000,-0.010822,-0.025,-0.025,-0.011,-0.012,-0.029
23660,2002/01/30,,11,3,2320,17290810,CTAS,CINTAS CORP,,CTAS,,Q,A,R,6304,7937,3,2320,17290810,,,,,,,,,,,,,,,,,,,,,,,,,48.950,50.480,49.710,1276654.000,0.007091,49.730,49.750,169767.000,1.000,1.000,49.490,3546.000,0.007091,0.010,0.010,0.004,0.004,0.012
23660,2002/01/31,,11,3,2320,17290810,CTAS,CINTAS CORP,,CTAS,,Q,A,R,6304,7937,3,2320,17290810,,,,,,,,,,,,,,,,,,,,,,,,,49.300,50.480,50.020,946597.000,0.006236,50.020,50.030,169767.000,1.000,1.000,49.300,2538.000,0.006236,0.013,0.013,0.010,0.009,0.015
23660,2002/02/01,,11,3,2320,17290810,CTAS,CINTAS CORP,,CTAS,,Q,A,R,6304,7937,3,2320,17290810,,,,,,,,,,,,,,,,,,,,,,,,,49.100,50.110,49.890,805799.000,-0.002599,49.890,49.900,169767.000,1.000,1.000,50.000,2598.000,-0.002599,-0.006,-0.006,-0.002,-0.002,-0.007
23660,2002/02/04,,11,3,2320,17290810,CTAS,CINTAS CORP,,CTAS,,Q,A,R,6304,7937,3,2320,17290810,,,,,,,,0.000,,,,,,,,,,,,,1.000,2.000,50.000,2.000,48.360,50.240,49.040,1104525.000,-0.017037,49.040,49.050,169767.000,1.000,1.000,49.900,3143.000,-0.017037,-0.024,-0.024,-0.016,-0.016,-0.025
23660,2002/02/05,,11,3,2320,17290810,CTAS,CINTAS CORP,,CTAS,,Q,A,R,6304,7937,3,2320,17290810,,,,,,,,,,,,,,,,,,,,,,,,,49.000,50.400,49.880,670695.000,0.017129,49.860,49.880,169767.000,1.000,1.000,49.050,2547.000,0.017129,-0.005,-0.005,-0.008,-0.008,-0.004
23660,2002/02/06,,11,3,2320,17290810,CTAS,CINTAS CORP,,CTAS,,Q,A,R,6304,7937,3,2320,17290810,,,,,,,,,,,,,,,,,,,,,,,,,48.740,50.170,49.160,876859.000,-0.014435,49.170,49.180,169767.000,1.000,1.000,50.000,2544.000,-0.014435,-0.007,-0.007,-0.010,-0.010,-0.006
23660,2002/02/07,,11,3,2320,17290810,CTAS,CINTAS CORP,,CTAS,,Q,A,R,6304,7937,3,2320,17290810,,,,,,,,,,,,,,,,,,,,,,,,,48.960,50.240,49.160,836728.000,0.000000,48.970,48.960,169767.000,1.000,1.000,49.200,2652.000,0.000000,-0.004,-0.004,-0.006,-0.006,-0.003
23660,2002/02/08,,11,3,2320,17290810,CTAS,CINTAS CORP,,CTAS,,Q,A,R,6304,7937,3,2320,17290810,,,,,,,,,,,,,,,,,,,,,,,,,48.110,49.710,49.710,923775.000,0.011188,49.550,49.670,169767.000,1.000,1.000,48.840,3217.000,0.011188,0.016,0.016,0.012,0.012,0.015
23660,2002/02/11,,11,3,2320,17290810,CTAS,CINTAS CORP,,CTAS,,Q,A,R,6304,7937,3,2320,17290810,,,,,,,,0.000,,,,,,,,,,,,,1.000,2.000,51.000,2.000,49.280,50.100,50.000,442994.000,0.005834,49.990,50.000,169767.000,1.000,1.000,49.540,1697.000,0.005834,0.013,0.013,0.008,0.008,0.014
23660,2002/02/12,,11,3,2320,17290810,CTAS,CINTAS CORP,,CTAS,,Q,A,R,6304,7937,3,2320,17290810,,,,,,,,0.000,,,,,,,,,,,,,1.000,2.000,52.000,2.000,47.910,49.710,48.230,1887750.000,-0.035400,48.230,48.240,169767.000,1.000,1.000,49.700,2999.000,-0.035400,-0.003,-0.003,-0.000,-0.000,-0.004
23660,2002/02/13,,11,3,2320,17290810,CTAS,CINTAS CORP,,CTAS,,Q,A,R,6304,7937,3,2320,17290810,2002/01/31,,,,,2002/04/08,2002/02/15,0.000,,,1252.000,0.250,0.000,0.000,,,,,,,1.000,2.000,51.000,2.000,46.770,48.380,48.190,1505733.000,0.004354,48.190,48.200,169767.000,1.000,1.000,48.260,2985.000,-0.000829,0.010,0.009,0.006,0.006,0.010
23660,2002/02/14,,11,3,2320,17290810,CTAS,CINTAS CORP,,CTAS,,Q,A,R,6304,7937,3,2320,17290810,,,,,,,,,,,,,,,,,,,,,,,,,47.140,48.000,47.370,1327980.000,-0.017016,47.370,47.400,169767.000,1.000,1.000,47.900,2797.000,-0.017016,-0.002,-0.003,-0.005,-0.005,-0.002
23660,2002/02/15,,11,3,2320,17290810,CTAS,CINTAS CORP,,CTAS,,Q,A,R,6304,7937,3,2320,17290810,,,,,,,,,,,,,,,,,,,,,,,,,46.010,47.500,46.310,1397818.000,-0.022377,46.230,46.360,169767.000,1.000,1.000,47.490,2924.000,-0.022377,-0.010,-0.010,-0.004,-0.004,-0.011
23660,2002/02/19,,11,3,2320,17290810,CTAS,CINTAS CORP,,CTAS,,Q,A,R,6304,7937,3,2320,17290810,,,,,,,,,,,,,,,,,,,,,,,,,45.500,46.590,46.410,1356075.000,0.002159,46.400,46.410,169767.000,1.000,1.000,46.200,2979.000,0.002159,-0.019,-0.019,-0.015,-0.015,-0.019
23660,2002/02/20,,11,3,2320,17290810,CTAS,CINTAS CORP,,CTAS,,Q,A,R,6304,7937,3,2320,17290810,,,,,,,,,,,,,,,,,,,,,,,,,45.250,47.070,46.590,952648.000,0.003878,46.590,46.600,169767.000,1.000,1.000,46.580,3216.000,0.003878,0.013,0.013,0.005,0.005,0.014
23660,2002/02/21,,11,3,2320,17290810,CTAS,CINTAS CORP,,CTAS,,Q,A,R,6304,7937,3,2320,17290810,,,,,,,,,,,,,,,,,,,,,,,,,43.230,44.950,43.530,3869009.000,-0.065679,43.530,43.540,169767.000,1.000,1.000,44.410,6398.000,-0.065679,-0.015,-0.015,-0.009,-0.009,-0.016
23660,2002/02/22,,11,3,2320,17290810,CTAS,CINTAS CORP,,CTAS,,Q,A,R,6304,7937,3,2320,17290810,,,,,,,,0.000,,,,,,,,,,,,,1.000,2.000,50.000,2.000,43.420,44.950,44.470,2620057.000,0.021594,44.460,44.470,169767.000,1.000,1.000,43.700,4883.000,0.021594,0.007,0.007,0.004,0.004,0.008
23660,2002/02/25,,11,3,2320,17290810,CTAS,CINTAS CORP,,CTAS,,Q,A,R,6304,7937,3,2320,17290810,,,,,,,,,,,,,,,,,,,,,,,,,43.500,44.670,43.840,1449872.000,-0.014167,43.830,43.840,169767.000,1.000,1.000,44.660,3306.000,-0.014167,0.016,0.016,0.005,0.005,0.018
23660,2002/02/26,,11,3,2320,17290810,CTAS,CINTAS CORP,,CTAS,,Q,A,R,6304,7937,3,2320,17290810,,,,,,,,,,,,,,,,,,,,,,,,,43.300,44.260,44.000,1074139.000,0.003650,44.000,44.010,169767.000,1.000,1.000,43.770,2759.000,0.003650,0.001,0.001,0.003,0.003,-0.000
23660,2002/02/27,,11,3,2320,17290810,CTAS,CINTAS CORP,,CTAS,,Q,A,R,6304,7937,3,2320,17290810,,,,,,,,,,,,,,,,,,,,,,,,,43.781,44.750,44.470,1238683.000,0.010682,44.470,44.480,169767.000,1.000,1.000,44.130,2757.000,0.010682,0.001,0.001,0.003,0.003,0.000
23660,2002/02/28,,11,3,2320,17290810,CTAS,CINTAS CORP,,CTAS,,Q,A,R,6304,7937,3,2320,17290810,,,,,,,,0.000,,,,,,,,,,,,,1.000,2.000,50.000,2.000,44.000,45.240,44.290,1028313.000,-0.004048,44.260,44.270,169826.000,1.000,1.000,44.420,2973.000,-0.004048,-0.003,-0.003,-0.001,-0.001,-0.003
23660,2002/03/01,,11,3,2320,17290810,CTAS,CINTAS CORP,,CTAS,,Q,A,R,6304,7937,3,2320,17290810,,,,,,,,0.000,,,,,,,,,,,,,1.000,2.000,51.000,2.000,44.250,46.810,46.600,1241464.000,0.052156,46.550,46.610,169826.000,1.000,1.000,44.800,3303.000,0.052156,0.022,0.022,0.012,0.012,0.023
23660,2002/03/04,,11,3,2320,17290810,CTAS,CINTAS CORP,,CTAS,,Q,A,R,6304,7937,3,2320,17290810,,,,,,,,,,,,,,,,,,,,,,,,,46.650,48.930,48.630,1489902.000,0.043562,48.610,48.620,169826.000,1.000,1.000,46.670,4040.000,0.043562,0.020,0.020,0.015,0.015,0.019
23660,2002/03/05,,11,3,2320,17290810,CTAS,CINTAS CORP,,CTAS,,Q,A,R,6304,7937,3,2320,17290810,,,,,,,,,,,,,,,,,,,,,,,,,47.540,49.050,47.860,1199479.000,-0.015834,47.860,48.010,169826.000,1.000,1.000,48.550,3147.000,-0.015834,-0.005,-0.005,0.003,0.003,-0.007
23660,2002/03/06,,11,3,2320,17290810,CTAS,CINTAS CORP,,CTAS,,Q,A,R,6304,7937,3,2320,17290810,,,,,,,,,,,,,,,,,,,,,,,,,47.650,50.100,49.750,1266578.000,0.039490,49.670,49.740,169826.000,1.000,1.000,47.700,3700.000,0.039490,0.014,0.014,0.013,0.012,0.015
23660,2002/03/07,,11,3,2320,17290810,CTAS,CINTAS CORP,,CTAS,,Q,A,R,6304,7937,3,2320,17290810,,,,,,,,0.000,,,,,,,,,,,,,1.000,2.000,49.000,2.000,46.680,49.980,47.330,1156872.000,-0.048643,47.320,47.330,169826.000,1.000,1.000,49.760,3701.000,-0.048643,-0.004,-0.004,0.004,0.004,-0.004
23660,2002/03/08,,11,3,2320,17290810,CTAS,CINTAS CORP,,CTAS,,Q,A,R,6304,7937,3,2320,17290810,,,,,,,,0.000,,,,,,,,,,,,,1.000,2.000,50.000,2.000,48.210,49.500,48.800,1157918.000,0.031058,48.740,48.750,169826.000,1.000,1.000,48.780,3076.000,0.031058,0.007,0.007,0.009,0.009,0.006
23660,2002/03/11,,11,3,2320,17290810,CTAS,CINTAS CORP,,CTAS,,Q,A,R,6304,7937,3,2320,17290810,,,,,,,,,,,,,,,,,,,,,,,,,47.980,49.560,49.090,940616.000,0.005943,49.090,49.110,169826.000,1.000,1.000,48.660,2557.000,0.005943,0.003,0.003,0.005,0.005,0.003
23660,2002/03/12,,11,3,2320,17290810,CTAS,CINTAS CORP,,CTAS,,Q,A,R,6304,7937,3,2320,17290810,,,,,,,,,,,,,,,,,,,,,,,,,47.419,48.790,48.200,950076.000,-0.018130,48.190,48.200,169826.000,1.000,1.000,48.750,2393.000,-0.018130,-0.003,-0.003,-0.003,-0.003,-0.002
23660,2002/03/13,,11,3,2320,17290810,CTAS,CINTAS CORP,,CTAS,,Q,A,R,6304,7937,3,2320,17290810,,,,,,,,,,,,,,,,,,,,,,,,,46.500,48.000,46.650,1071915.000,-0.032158,46.650,46.750,169826.000,1.000,1.000,47.900,2551.000,-0.032158,-0.009,-0.009,-0.003,-0.004,-0.010
23660,2002/03/14,,11,3,2320,17290810,CTAS,CINTAS CORP,,CTAS,,Q,A,R,6304,7937,3,2320,17290810,,,,,,,,,,,,,,,,,,,,,,,,,45.550,47.660,47.050,1181276.000,0.008574,47.020,47.140,169826.000,1.000,1.000,46.740,2808.000,0.008574,-0.000,-0.000,0.004,0.004,-0.001
23660,2002/03/15,,11,3,2320,17290810,CTAS,CINTAS CORP,,CTAS,,Q,A,R,6304,7937,3,2320,17290810,,,,,,,,,,,,,,,,,,,,,,,,,47.100,49.250,49.070,1305690.000,0.042933,49.000,49.040,169826.000,1.000,1.000,47.510,2937.000,0.042933,0.010,0.010,0.005,0.005,0.011
23660,2002/03/18,,11,3,2320,17290810,CTAS,CINTAS CORP,,CTAS,,Q,A,R,6304,7937,3,2320,17290810,,,,,,,,0.000,,,,,,,,,,,,,1.000,2.000,49.000,2.000,48.300,49.790,49.190,1064897.000,0.002445,49.180,49.190,169826.000,1.000,1.000,48.810,2813.000,0.002445,0.001,0.001,0.005,0.005,-0.001
23660,2002/03/19,,11,3,2320,17290810,CTAS,CINTAS CORP,,CTAS,,Q,A,R,6304,7937,3,2320,17290810,,,,,,,,0.000,,,,,,,,,,,,,1.000,2.000,50.000,2.000,49.380,51.000,50.250,1536452.000,0.021549,50.230,50.250,169826.000,1.000,1.000,49.390,3684.000,0.021549,0.003,0.003,0.003,0.003,0.004
23660,2002/03/20,,11,3,2320,17290810,CTAS,CINTAS CORP,,CTAS,,Q,A,R,6304,7937,3,2320,17290810,,,,,,,,,,,,,,,,,,,,,,,,,49.400,50.800,49.550,880898.000,-0.013930,49.490,49.550,169826.000,1.000,1.000,50.190,2440.000,-0.013930,-0.014,-0.014,-0.006,-0.006,-0.016
23660,2002/03/21,,11,3,2320,17290810,CTAS,CINTAS CORP,,CTAS,,Q,A,R,6304,7937,3,2320,17290810,,,,,,,,,,,,,,,,,,,,,,,,,48.610,49.400,49.150,759126.000,-0.008073,49.110,49.160,169826.000,1.000,1.000,49.350,2236.000,-0.008073,0.003,0.003,0.006,0.006,0.002
23660,2002/03/22,,11,3,2320,17290810,CTAS,CINTAS CORP,,CTAS,,Q,A,R,6304,7937,3,2320,17290810,,,,,,,,,,,,,,,,,,,,,,,,,48.440,50.200,49.580,637619.000,0.008749,49.440,49.580,169826.000,1.000,1.000,49.010,2187.000,0.008749,-0.004,-0.004,-0.000,-0.000,-0.004
23660,2002/03/25,,11,3,2320,17290810,CTAS,CINTAS CORP,,CTAS,,Q,A,R,6304,7937,3,2320,17290810,,,,,,,,,,,,,,,,,,,,,,,,,48.240,49.580,48.320,731565.000,-0.025414,48.320,48.300,169826.000,1.000,1.000,49.570,2597.000,-0.025414,-0.014,-0.014,-0.007,-0.007,-0.015
23660,2002/03/26,,11,3,2320,17290810,CTAS,CINTAS CORP,,CTAS,,Q,A,R,6304,7937,3,2320,17290810,,,,,,,,,,,,,,,,,,,,,,,,,48.240,50.319,49.490,774222.000,0.024214,49.450,49.490,169826.000,1.000,1.000,48.260,2632.000,0.024214,0.006,0.006,0.005,0.004,0.006
23660,2002/03/27,,11,3,2320,17290810,CTAS,CINTAS CORP,,CTAS,,Q,A,R,6304,7937,3,2320,17290810,,,,,,,,0.000,,,,,,,,,,,,,1.000,2.000,49.000,2.000,48.620,50.110,49.530,787211.000,0.000808,49.530,49.600,169826.000,1.000,1.000,49.250,2272.000,0.000808,0.006,0.005,0.006,0.006,0.005
23660,2002/03/28,,11,3,2320,17290810,CTAS,CINTAS CORP,,CTAS,,Q,A,R,6304,7937,3,2320,17290810,,,,,,,,0.000,,,,,,,,,,,,,1.000,2.000,49.000,2.000,48.690,50.138,49.860,578727.000,0.006663,49.850,49.860,169858.000,1.000,1.000,49.560,2027.000,0.006663,0.003,0.003,0.006,0.006,0.002
23660,2002/04/01,,11,3,2320,17290810,CTAS,CINTAS CORP,,CTAS,,Q,A,R,6304,7937,3,2320,17290810,,,,,,,,0.000,,,,,,,,,,,,,1.000,2.000,51.000,2.000,47.660,49.992,49.750,821314.000,-0.002206,49.740,49.750,169858.000,1.000,1.000,49.300,2914.000,-0.002206,-0.001,-0.001,-0.001,-0.001,-0.001
23660,2002/04/02,,11,3,2320,17290810,CTAS,CINTAS CORP,,CTAS,,Q,A,R,6304,7937,3,2320,17290810,,,,,,,,0.000,,,,,,,,,,,,,1.000,2.000,48.000,2.000,48.850,50.000,49.260,838334.000,-0.009849,49.190,49.240,169858.000,1.000,1.000,49.650,2292.000,-0.009849,-0.009,-0.009,-0.005,-0.005,-0.009
23660,2002/04/03,,11,3,2320,17290810,CTAS,CINTAS CORP,,CTAS,,Q,A,R,6304,7937,3,2320,17290810,,,,,,,,,,,,,,,,,,,,,,,,,48.350,49.950,48.910,810099.000,-0.007105,48.940,48.950,169858.000,1.000,1.000,49.600,2621.000,-0.007105,-0.009,-0.010,-0.006,-0.006,-0.010
23660,2002/04/04,,11,3,2320,17290810,CTAS,CINTAS CORP,,CTAS,,Q,A,R,6304,7937,3,2320,17290810,,,,,,,,0.000,,,,,,,,,,,,,1.000,2.000,47.000,2.000,48.330,49.830,49.360,761631.000,0.009201,49.270,49.360,169858.000,1.000,1.000,49.110,2854.000,0.009201,0.001,0.001,0.001,0.001,0.001
23660,2002/04/05,,11,3,2320,17290810,CTAS,CINTAS CORP,,CTAS,,Q,A,R,6304,7937,3,2320,17290810,,,,,,,,,,,,,,,,,,,,,,,,,48.330,49.850,48.940,732178.000,-0.008509,48.940,48.950,169858.000,1.000,1.000,49.270,2440.000,-0.008509,-0.003,-0.003,-0.000,-0.000,-0.003
23660,2002/04/08,,11,3,2320,17290810,CTAS,CINTAS CORP,,CTAS,,Q,A,R,6304,7937,3,2320,17290810,,,,,,,,,,,,,,,,,,,,,,,,,48.780,50.390,50.080,792391.000,0.023294,50.080,50.100,169858.000,1.000,1.000,48.990,2898.000,0.023294,0.003,0.003,0.003,0.002,0.002
23660,2002/04/09,,11,3,2320,17290810,CTAS,CINTAS CORP,,CTAS,,Q,A,R,6304,7937,3,2320,17290810,,,,,,,,,,,,,,,,,,,,,,,,,49.050,50.740,49.200,979020.000,-0.017572,49.200,49.270,169858.000,1.000,1.000,50.110,2864.000,-0.017572,-0.006,-0.006,-0.002,-0.002,-0.007
23660,2002/04/10,,11,3,2320,17290810,CTAS,CINTAS CORP,,CTAS,,Q,A,R,6304,7937,3,2320,17290810,,,,,,,,,,,,,,,,,,,,,,,,,49.200,50.990,50.100,1357803.000,0.018293,50.080,50.140,169858.000,1.000,1.000,49.480,3962.000,0.018293,0.011,0.011,0.009,0.008,0.011
23660,2002/04/11,,11,3,2320,17290810,CTAS,CINTAS CORP,,CTAS,,Q,A,R,6304,7937,3,2320,17290810,,,,,,,,0.000,,,,,,,,,,,,,1.000,2.000,46.000,2.000,49.010,50.450,49.350,852377.000,-0.014970,49.350,49.460,169858.000,1.000,1.000,49.990,2986.000,-0.014970,-0.021,-0.021,-0.010,-0.010,-0.024
23660,2002/04/12,,11,3,2320,17290810,CTAS,CINTAS CORP,,CTAS,,Q,A,R,6304,7937,3,2320,17290810,,,,,,,,,,,,,,,,,,,,,,,,,48.750,50.920,50.000,723633.000,0.013171,49.990,50.000,169858.000,1.000,1.000,49.650,2765.000,0.013171,0.008,0.008,0.011,0.011,0.007
23660,2002/04/15,,11,3,2320,17290810,CTAS,CINTAS CORP,,CTAS,,Q,A,R,6304,7937,3,2320,17290810,,,,,,,,0.000,,,,,,,,,,,,,1.000,2.000,47.000,2.000,49.360,50.970,50.290,685897.000,0.005800,50.310,50.400,169858.000,1.000,1.000,50.050,2622.000,0.005800,-0.006,-0.006,-0.001,-0.001,-0.008
23660,2002/04/16,,11,3,2320,17290810,CTAS,CINTAS CORP,,CTAS,,Q,A,R,6304,7937,3,2320,17290810,,,,,,,,,,,,,,,,,,,,,,,,,50.390,51.850,51.390,859791.000,0.021873,51.440,51.470,169858.000,1.000,1.000,50.560,2790.000,0.021873,0.022,0.022,0.016,0.016,0.023
23660,2002/04/17,,11,3,2320,17290810,CTAS,CINTAS CORP,,CTAS,,Q,A,R,6304,7937,3,2320,17290810,,,,,,,,0.000,,,,,,,,,,,,,1.000,2.000,46.000,2.000,51.020,52.000,51.340,996155.000,-0.000973,51.470,51.440,169858.000,1.000,1.000,51.440,2542.000,-0.000973,-0.002,-0.002,0.001,0.001,-0.002
23660,2002/04/18,,11,3,2320,17290810,CTAS,CINTAS CORP,,CTAS,,Q,A,R,6304,7937,3,2320,17290810,,,,,,,,,,,,,,,,,,,,,,,,,49.690,51.900,51.540,1265392.000,0.003896,51.550,51.560,169858.000,1.000,1.000,51.290,3552.000,0.003896,-0.002,-0.002,0.003,0.003,-0.001
23660,2002/04/19,,11,3,2320,17290810,CTAS,CINTAS CORP,,CTAS,,Q,A,R,6304,7937,3,2320,17290810,,,,,,,,,,,,,,,,,,,,,,,,,51.280,52.100,51.710,911021.000,0.003298,51.510,51.750,169858.000,1.000,1.000,51.370,2127.000,0.003298,0.001,0.001,0.002,0.002,0.001
23660,2002/04/22,,11,3,2320,17290810,CTAS,CINTAS CORP,,CTAS,,Q,A,R,6304,7937,3,2320,17290810,,,,,,,,,,,,,,,,,,,,,,,,,50.250,51.960,51.400,857678.000,-0.005995,51.290,51.400,169858.000,1.000,1.000,51.950,2392.000,-0.005995,-0.015,-0.015,-0.008,-0.008,-0.015
23660,2002/04/23,,11,3,2320,17290810,CTAS,CINTAS CORP,,CTAS,,Q,A,R,6304,7937,3,2320,17290810,,,,,,,,,,,,,,,,,,,,,,,,,50.660,51.840,51.150,813847.000,-0.004864,51.050,51.090,169858.000,1.000,1.000,51.240,2901.000,-0.004864,-0.005,-0.005,-0.001,-0.001,-0.006
23660,2002/04/24,,11,3,2320,17290810,CTAS,CINTAS CORP,,CTAS,,Q,A,R,6304,7937,3,2320,17290810,,,,,,,,,,,,,,,,,,,,,,,,,51.130,51.850,51.190,628825.000,0.000782,51.190,51.200,169858.000,1.000,1.000,51.510,2468.000,0.000782,-0.006,-0.006,-0.002,-0.002,-0.007
23660,2002/04/25,,11,3,2320,17290810,CTAS,CINTAS CORP,,CTAS,,Q,A,R,6304,7937,3,2320,17290810,,,,,,,,,,,,,,,,,,,,,,,,,51.280,52.250,52.090,838906.000,0.017582,52.130,52.140,169858.000,1.000,1.000,51.300,2942.000,0.017582,-0.002,-0.002,-0.002,-0.002,-0.002
23660,2002/04/26,,11,3,2320,17290810,CTAS,CINTAS CORP,,CTAS,,Q,A,R,6304,7937,3,2320,17290810,,,,,,,,,,,,,,,,,,,,,,,,,50.370,52.260,50.470,814138.000,-0.031100,50.470,50.610,169858.000,1.000,1.000,52.200,2622.000,-0.031100,-0.013,-0.014,-0.009,-0.009,-0.014
23660,2002/04/29,,11,3,2320,17290810,CTAS,CINTAS CORP,,CTAS,,Q,A,R,6304,7937,3,2320,17290810,,,,,,,,,,,,,,,,,,,,,,,,,49.670,51.150,50.270,828514.000,-0.003963,50.280,50.440,169858.000,1.000,1.000,50.570,2986.000,-0.003963,-0.009,-0.009,-0.006,-0.006,-0.010
23660,2002/04/30,,11,3,2320,17290810,CTAS,CINTAS CORP,,CTAS,,Q,A,R,6304,7937,3,2320,17290810,,,,,,,,,,,,,,,,,,,,,,,,,50.310,52.250,51.770,1208870.000,0.029839,51.740,51.770,169858.000,1.000,1.000,50.550,3357.000,0.029839,0.012,0.012,0.010,0.010,0.011
23660,2002/05/01,,11,3,2320,17290810,CTAS,CINTAS CORP,,CTAS,,Q,A,R,6304,7937,3,2320,17290810,,,,,,,,,,,,,,,,,,,,,,,,,49.910,52.180,51.710,1485367.000,-0.001159,51.690,51.710,169858.000,1.000,1.000,52.140,4295.000,-0.001159,0.008,0.007,0.001,0.001,0.009
23660,2002/05/02,,11,3,2320,17290810,CTAS,CINTAS CORP,,CTAS,,Q,A,R,6304,7937,3,2320,17290810,,,,,,,,,,,,,,,,,,,,,,,,,51.550,52.800,52.360,1113606.000,0.012570,52.360,52.500,169858.000,1.000,1.000,51.840,2976.000,0.012570,-0.002,-0.002,0.000,0.000,-0.002
23660,2002/05/03,,11,3,2320,17290810,CTAS,CINTAS CORP,,CTAS,,Q,A,R,6304,7937,3,2320,17290810,,,,,,,,0.000,,,,,,,,,,,,,1.000,2.000,47.000,2.000,50.940,52.570,51.800,1392516.000,-0.010695,51.760,52.100,169858.000,1.000,1.000,52.500,3471.000,-0.010695,-0.009,-0.009,-0.002,-0.002,-0.010
23660,2002/05/06,,11,3,2320,17290810,CTAS,CINTAS CORP,,CTAS,,Q,A,R,6304,7937,3,2320,17290810,,,,,,,,,,,,,,,,,,,,,,,,,50.660,52.400,50.950,1054391.000,-0.016409,50.850,50.970,169858.000,1.000,1.000,51.760,2892.000,-0.016409,-0.018,-0.018,-0.011,-0.011,-0.019
23660,2002/05/07,,11,3,2320,17290810,CTAS,CINTAS CORP,,CTAS,,Q,A,R,6304,7937,3,2320,17290810,,,,,,,,0.000,,,,,,,,,,,,,1.000,2.000,46.000,2.000,51.490,53.800,53.250,1979102.000,0.045142,53.250,53.260,169858.000,1.000,1.000,51.500,5372.000,0.045142,-0.004,-0.004,-0.006,-0.006,-0.003
23660,2002/05/08,,11,3,2320,17290810,CTAS,CINTAS CORP,,CTAS,,Q,A,R,6304,7937,3,2320,17290810,,,,,,,,,,,,,,,,,,,,,,,,,53.330,55.490,55.020,2562383.000,0.033239,54.910,55.030,169858.000,1.000,1.000,53.510,5930.000,0.033239,0.034,0.034,0.019,0.019,0.038
23660,2002/05/09,,11,3,2320,17290810,CTAS,CINTAS CORP,,CTAS,,Q,A,R,6304,7937,3,2320,17290810,,,,,,,,,,,,,,,,,,,,,,,,,54.763,55.850,55.110,1443849.000,0.001636,55.070,55.080,169858.000,1.000,1.000,54.990,3710.000,0.001636,-0.014,-0.014,-0.008,-0.008,-0.015
23660,2002/05/10,,11,3,2320,17290810,CTAS,CINTAS CORP,,CTAS,,Q,A,R,6304,7937,3,2320,17290810,,,,,,,,,,,,,,,,,,,,,,,,,53.650,55.470,53.740,1360760.000,-0.024859,53.720,53.740,169858.000,1.000,1.000,55.210,4086.000,-0.024859,-0.015,-0.015,-0.008,-0.008,-0.017
23660,2002/05/13,,11,3,2320,17290810,CTAS,CINTAS CORP,,CTAS,,Q,A,R,6304,7937,3,2320,17290810,,,,,,,,,,,,,,,,,,,,,,,,,53.600,55.210,54.830,1358926.000,0.020283,54.800,54.810,169858.000,1.000,1.000,53.910,3828.000,0.020283,0.017,0.017,0.007,0.007,0.019
23660,2002/05/14,,11,3,2320,17290810,CTAS,CINTAS CORP,,CTAS,,Q,A,R,6304,7937,3,2320,17290810,,,,,,,,0.000,,,,,,,,,,,,,1.000,2.000,47.000,2.000,55.040,56.620,56.280,1319176.000,0.026445,56.270,56.280,169858.000,1.000,1.000,55.050,4057.000,0.026445,0.021,0.021,0.015,0.015,0.021
23660,2002/05/15,,11,3,2320,17290810,CTAS,CINTAS CORP,,CTAS,,Q,A,R,6304,7937,3,2320,17290810,,,,,,,,,,,,,,,,,,,,,,,,,55.310,56.252,55.700,1941211.000,-0.010306,55.510,55.700,169858.000,1.000,1.000,56.130,4324.000,-0.010306,-0.003,-0.004,0.001,0.001,-0.006
23660,2002/05/16,,11,3,2320,17290810,CTAS,CINTAS CORP,,CTAS,,Q,A,R,6304,7937,3,2320,17290810,,,,,,,,0.000,,,,,,,,,,,,,1.000,2.000,48.000,2.000,54.740,55.709,55.170,1457684.000,-0.009515,55.080,55.170,169858.000,1.000,1.000,55.700,3549.000,-0.009515,0.004,0.003,-0.001,-0.001,0.007
23660,2002/05/17,,11,3,2320,17290810,CTAS,CINTAS CORP,,CTAS,,Q,A,R,6304,7937,3,2320,17290810,,,,,,,,0.000,,,,,,,,,,,,,1.000,2.000,47.000,2.000,53.440,54.990,54.600,1759668.000,-0.010332,54.520,54.600,169858.000,1.000,1.000,54.860,4117.000,-0.010332,0.007,0.007,0.004,0.004,0.008
23660,2002/05/20,,11,3,2320,17290810,CTAS,CINTAS CORP,,CTAS,,Q,A,R,6304,7937,3,2320,17290810,,,,,,,,,,,,,,,,,,,,,,,,,53.190,54.850,53.940,637214.000,-0.012088,53.930,53.940,169858.000,1.000,1.000,54.500,2545.000,-0.012088,-0.012,-0.012,-0.006,-0.006,-0.013
23660,2002/05/21,,11,3,2320,17290810,CTAS,CINTAS CORP,,CTAS,,Q,A,R,6304,7937,3,2320,17290810,,,,,,,,,,,,,,,,,,,,,,,,,53.570,55.190,53.800,1496729.000,-0.002595,53.690,53.720,169858.000,1.000,1.000,54.150,4016.000,-0.002595,-0.011,-0.011,-0.009,-0.009,-0.011
23660,2002/05/22,,11,3,2320,17290810,CTAS,CINTAS CORP,,CTAS,,Q,A,R,6304,7937,3,2320,17290810,,,,,,,,,,,,,,,,,,,,,,,,,52.500,53.900,53.700,1374159.000,-0.001859,53.720,53.730,169858.000,1.000,1.000,53.810,3524.000,-0.001859,0.004,0.004,-0.002,-0.002,0.006
23660,2002/05/23,,11,3,2320,17290810,CTAS,CINTAS CORP,,CTAS,,Q,A,R,6304,7937,3,2320,17290810,,,,,,,,,,,,,,,,,,,,,,,,,52.710,54.920,54.330,1666288.000,0.011732,54.310,54.350,169858.000,1.000,1.000,53.860,4182.000,0.011732,0.010,0.010,0.007,0.007,0.010
23660,2002/05/24,,11,3,2320,17290810,CTAS,CINTAS CORP,,CTAS,,Q,A,R,6304,7937,3,2320,17290810,,,,,,,,,,,,,,,,,,,,,,,,,53.160,54.620,53.540,577861.000,-0.014541,53.530,53.540,169858.000,1.000,1.000,54.400,2119.000,-0.014541,-0.011,-0.011,-0.005,-0.005,-0.012
23660,2002/05/28,,11,3,2320,17290810,CTAS,CINTAS CORP,,CTAS,,Q,A,R,6304,7937,3,2320,17290810,,,,,,,,,,,,,,,,,,,,,,,,,52.700,54.312,53.800,1175640.000,0.004856,53.790,53.820,169858.000,1.000,1.000,53.970,3395.000,0.004856,-0.007,-0.007,-0.002,-0.002,-0.009
23660,2002/05/29,,11,3,2320,17290810,CTAS,CINTAS CORP,,CTAS,,Q,A,R,6304,7937,3,2320,17290810,,,,,,,,,,,,,,,,,,,,,,,,,52.050,53.720,52.340,1297849.000,-0.027138,52.340,52.370,169858.000,1.000,1.000,53.710,3506.000,-0.027138,-0.007,-0.007,-0.006,-0.006,-0.006
23660,2002/05/30,,11,3,2320,17290810,CTAS,CINTAS CORP,,CTAS,,Q,A,R,6304,7937,3,2320,17290810,,,,,,,,,,,,,,,,,,,,,,,,,51.330,53.350,51.640,1778958.000,-0.013374,51.510,51.580,169858.000,1.000,1.000,52.270,4043.000,-0.013374,-0.002,-0.002,-0.001,-0.001,-0.003
23660,2002/05/31,,11,3,2320,17290810,CTAS,CINTAS CORP,,CTAS,,Q,A,R,6304,7937,3,2320,17290810,,,,,,,,0.000,,,,,,,,,,,,,1.000,2.000,47.000,2.000,51.330,52.950,52.210,1317423.000,0.011038,52.200,52.210,169930.000,1.000,1.000,51.990,3592.000,0.011038,0.002,0.002,0.003,0.003,0.002
23660,2002/06/03,,11,3,2320,17290810,CTAS,CINTAS CORP,,CTAS,,Q,A,R,6304,7937,3,2320,17290810,,,,,,,,0.000,,,,,,,,,,,,,1.000,2.000,48.000,2.000,50.650,52.460,50.840,1307417.000,-0.026240,50.750,50.820,169930.000,1.000,1.000,52.460,3619.000,-0.026240,-0.024,-0.024,-0.018,-0.018,-0.025
23660,2002/06/04,,11,3,2320,17290810,CTAS,CINTAS CORP,,CTAS,,Q,A,R,6304,7937,3,2320,17290810,,,,,,,,,,,,,,,,,,,,,,,,,49.700,51.100,50.670,1700128.000,-0.003344,50.660,50.670,169930.000,1.000,1.000,50.730,4685.000,-0.003344,-0.001,-0.001,-0.004,-0.004,0.000
23660,2002/06/05,,11,3,2320,17290810,CTAS,CINTAS CORP,,CTAS,,Q,A,R,6304,7937,3,2320,17290810,,,,,,,,,,,,,,,,,,,,,,,,,50.810,52.240,51.590,1367137.000,0.018157,51.570,51.600,169930.000,1.000,1.000,50.970,3769.000,0.018157,0.008,0.007,0.000,0.000,0.009
23660,2002/06/06,,11,3,2320,17290810,CTAS,CINTAS CORP,,CTAS,,Q,A,R,6304,7937,3,2320,17290810,,,,,,,,0.000,,,,,,,,,,,,,1.000,2.000,49.000,2.000,49.870,51.740,50.470,1089767.000,-0.021710,50.510,50.520,169930.000,1.000,1.000,51.540,3383.000,-0.021710,-0.018,-0.018,-0.015,-0.015,-0.020
23660,2002/06/07,,11,3,2320,17290810,CTAS,CINTAS CORP,,CTAS,,Q,A,R,6304,7937,3,2320,17290810,,,,,,,,,,,,,,,,,,,,,,,,,50.190,51.200,50.390,1224757.000,-0.001585,50.470,50.540,169930.000,1.000,1.000,50.199,3834.000,-0.001585,-0.000,-0.000,0.002,0.002,-0.002
23660,2002/06/10,,11,3,2320,17290810,CTAS,CINTAS CORP,,CTAS,,Q,A,R,6304,7937,3,2320,17290810,,,,,,,,,,,,,,,,,,,,,,,,,50.270,51.150,50.610,944472.000,0.004366,50.540,50.560,169930.000,1.000,1.000,50.620,3178.000,0.004366,0.002,0.002,-0.003,-0.003,0.003
23660,2002/06/11,,11,3,2320,17290810,CTAS,CINTAS CORP,,CTAS,,Q,A,R,6304,7937,3,2320,17290810,,,,,,,,0.000,,,,,,,,,,,,,1.000,2.000,48.000,2.000,49.060,51.240,49.370,1158377.000,-0.024501,49.340,49.370,169930.000,1.000,1.000,51.000,3649.000,-0.024501,-0.016,-0.016,-0.009,-0.009,-0.017
23660,2002/06/12,,11,3,2320,17290810,CTAS,CINTAS CORP,,CTAS,,Q,A,R,6304,7937,3,2320,17290810,,,,,,,,0.000,,,,,,,,,,,,,1.000,2.000,47.000,2.000,47.750,50.430,49.810,1650790.000,0.008912,49.650,49.810,169930.000,1.000,1.000,49.461,5742.000,0.008912,0.005,0.004,-0.004,-0.005,0.007
23660,2002/06/13,,11,3,2320,17290810,CTAS,CINTAS CORP,,CTAS,,Q,A,R,6304,7937,3,2320,17290810,,,,,,,,,,,,,,,,,,,,,,,,,47.930,49.600,48.200,1424195.000,-0.032323,48.310,48.320,169930.000,1.000,1.000,49.590,4548.000,-0.032323,-0.010,-0.010,-0.007,-0.007,-0.010
23660,2002/06/14,,11,3,2320,17290810,CTAS,CINTAS CORP,,CTAS,,Q,A,R,6304,7937,3,2320,17290810,,,,,,,,,,,,,,,,,,,,,,,,,46.320,49.240,48.530,1832589.000,0.006846,48.430,48.550,169930.000,1.000,1.000,48.320,5777.000,0.006846,-0.001,-0.001,0.000,0.000,-0.002
23660,2002/06/17,,11,3,2320,17290810,CTAS,CINTAS CORP,,CTAS,,Q,A,R,6304,7937,3,2320,17290810,,,,,,,,,,,,,,,,,,,,,,,,,48.680,49.930,49.270,1103066.000,0.015248,49.120,49.130,169930.000,1.000,1.000,49.320,3546.000,0.015248,0.027,0.027,0.015,0.015,0.029
23660,2002/06/18,,11,3,2320,17290810,CTAS,CINTAS CORP,,CTAS,,Q,A,R,6304,7937,3,2320,17290810,,,,,,,,,,,,,,,,,,,,,,,,,47.900,48.893,48.250,1448362.000,-0.020702,48.150,48.170,169930.000,1.000,1.000,48.340,3676.000,-0.020702,0.000,0.000,-0.000,-0.001,0.001
23660,2002/06/19,,11,3,2320,17290810,CTAS,CINTAS CORP,,CTAS,,Q,A,R,6304,7937,3,2320,17290810,,,,,,,,0.000,,,,,,,,,,,,,1.000,2.000,48.000,2.000,47.290,48.700,47.560,1429306.000,-0.014300,47.560,47.570,169930.000,1.000,1.000,48.400,3401.000,-0.014300,-0.016,-0.016,-0.014,-0.015,-0.017
23660,2002/06/20,,11,3,2320,17290810,CTAS,CINTAS CORP,,CTAS,,Q,A,R,6304,7937,3,2320,17290810,,,,,,,,,,,,,,,,,,,,,,,,,46.960,48.950,47.120,1108422.000,-0.009252,47.120,47.130,169930.000,1.000,1.000,47.640,4147.000,-0.009252,-0.013,-0.013,-0.004,-0.004,-0.013
23660,2002/06/21,,11,3,2320,17290810,CTAS,CINTAS CORP,,CTAS,,Q,A,R,6304,7937,3,2320,17290810,,,,,,,,,,,,,,,,,,,,,,,,,46.220,47.790,46.820,1481854.000,-0.006367,46.760,46.830,169930.000,1.000,1.000,46.220,3700.000,-0.006367,-0.014,-0.014,-0.002,-0.002,-0.017
23660,2002/06/24,,11,3,2320,17290810,CTAS,CINTAS CORP,,CTAS,,Q,A,R,6304,7937,3,2320,17290810,,,,,,,,,,,,,,,,,,,,,,,,,47.140,49.050,48.080,1569783.000,0.026912,48.080,48.180,169930.000,1.000,1.000,47.150,5604.000,0.026912,0.001,0.001,-0.005,-0.005,0.004
23660,2002/06/25,,11,3,2320,17290810,CTAS,CINTAS CORP,,CTAS,,Q,A,R,6304,7937,3,2320,17290810,,,,,,,,0.000,,,,,,,,,,,,,1.000,2.000,49.000,2.000,46.960,49.520,47.590,1512298.000,-0.010191,47.550,47.630,169930.000,1.000,1.000,48.400,5545.000,-0.010191,-0.015,-0.015,-0.008,-0.008,-0.017
23660,2002/06/26,,11,3,2320,17290810,CTAS,CINTAS CORP,,CTAS,,Q,A,R,6304,7937,3,2320,17290810,,,,,,,,0.000,,,,,,,,,,,,,1.000,2.000,48.000,2.000,46.190,47.900,47.460,1907113.000,-0.002732,47.470,47.480,169930.000,1.000,1.000,47.230,6534.000,-0.002732,-0.003,-0.004,-0.008,-0.009,-0.003
23660,2002/06/27,,11,3,2320,17290810,CTAS,CINTAS CORP,,CTAS,,Q,A,R,6304,7937,3,2320,17290810,,,,,,,,,,,,,,,,,,,,,,,,,46.620,48.920,48.870,1762813.000,0.029709,48.860,48.870,169930.000,1.000,1.000,47.930,5784.000,0.029709,0.016,0.016,0.012,0.011,0.018
23660,2002/06/28,,11,3,2320,17290810,CTAS,CINTAS CORP,,CTAS,,Q,A,R,6304,7937,3,2320,17290810,,,,,,,,,,,,,,,,,,,,,,,,,48.680,50.070,49.430,1692145.000,0.011459,49.420,49.430,169930.000,1.000,1.000,48.750,4668.000,0.011459,0.002,0.002,0.012,0.012,-0.001
23660,2002/07/01,,11,3,2320,17290810,CTAS,CINTAS CORP,,CTAS,,Q,A,R,6304,7937,3,2320,17290810,,,,,,,,0.000,,,,,,,,,,,,,1.000,2.000,47.000,2.000,47.680,50.080,47.690,1055710.000,-0.035201,47.700,47.810,169930.000,1.000,1.000,49.320,3971.000,-0.035201,-0.022,-0.022,-0.019,-0.019,-0.021
23660,2002/07/02,,11,3,2320,17290810,CTAS,CINTAS CORP,,CTAS,,Q,A,R,6304,7937,3,2320,17290810,,,,,,,,,,,,,,,,,,,,,,,,,47.300,49.090,47.450,1434053.000,-0.005032,47.300,47.450,169930.000,1.000,1.000,47.710,5405.000,-0.005032,-0.022,-0.023,-0.023,-0.023,-0.021
23660,2002/07/03,,11,3,2320,17290810,CTAS,CINTAS CORP,,CTAS,,Q,A,R,6304,7937,3,2320,17290810,,,,,,,,,,,,,,,,,,,,,,,,,46.190,48.450,47.560,1390355.000,0.002318,47.590,47.720,169930.000,1.000,1.000,47.550,4721.000,0.002318,0.004,0.004,-0.005,-0.005,0.006
23660,2002/07/05,,11,3,2320,17290810,CTAS,CINTAS CORP,,CTAS,,Q,A,R,6304,7937,3,2320,17290810,,,,,,,,,,,,,,,,,,,,,,,,,47.700,49.800,49.740,859674.000,0.045837,49.730,49.740,169930.000,1.000,1.000,48.250,2479.000,0.045837,0.034,0.034,0.022,0.022,0.037
23660,2002/07/08,,11,3,2320,17290810,CTAS,CINTAS CORP,,CTAS,,Q,A,R,6304,7937,3,2320,17290810,,,,,,,,0.000,,,,,,,,,,,,,1.000,2.000,48.000,2.000,48.430,50.000,48.750,1414684.000,-0.019904,48.750,48.770,169930.000,1.000,1.000,49.190,4134.000,-0.019904,-0.011,-0.012,-0.008,-0.008,-0.012
23660,2002/07/09,,11,3,2320,17290810,CTAS,CINTAS CORP,,CTAS,,Q,A,R,6304,7937,3,2320,17290810,,,,,,,,0.000,,,,,,,,,,,,,1.000,2.000,47.000,2.000,48.280,50.372,48.570,1649963.000,-0.003692,48.570,48.580,169930.000,1.000,1.000,49.300,5143.000,-0.003692,-0.022,-0.022,-0.007,-0.007,-0.025
