PERMNO,date,NAMEENDT,SHRCD,EXCHCD,SICCD,NCUSIP,TICKER,COMNAM,SHRCLS,TSYMBOL,NAICS,PRIMEXCH,TRDSTAT,SECSTAT,PERMCO,ISSUNO,HEXCD,HSICCD,CUSIP,DCLRDT,DLAMT,DLPDT,DLSTCD,NEXTDT,PAYDT,RCRDDT,SHRFLG,HSICMG,HSICIG,DISTCD,DIVAMT,FACPR,FACSHR,ACPERM,ACCOMP,NWPERM,DLRETX,DLPRC,DLRET,TRTSCD,NMSIND,MMCNT,NSDINX,BIDLO,ASKHI,PRC,VOL,RET,BID,ASK,SHROUT,CFACPR,CFACSHR,OPENPRC,NUMTRD,RETX,vwretd,vwretx,ewretd,ewretx,sprtrn
84577,2001/01/02,,11,1,5521,17273730,KMX,CIRCUIT CITY STORES INC,,,,N,A,R,20453,0,1,5521,17273730,,,,,,,,,,,,,,,,,,,,,,,,,3.875,4.000,4.000,55600.000,0.015873,3.875,4.250,25676.000,1.000,1.000,3.938,,0.015873,-0.034,-0.034,-0.001,-0.001,-0.028
84577,2001/01/03,,11,1,5521,17273730,KMX,CIRCUIT CITY STORES INC,,,,N,A,R,20453,0,1,5521,17273730,,,,,,,,,,,,,,,,,,,,,,,,,3.875,4.312,4.312,127500.000,0.078125,4.125,4.500,25676.000,1.000,1.000,3.938,,0.078125,0.053,0.053,0.046,0.046,0.050
84577,2001/01/04,,11,1,5521,17273730,KMX,CIRCUIT CITY STORES INC,,,,N,A,R,20453,0,1,5521,17273730,,,,,,,,,,,,,,,,,,,,,,,,,4.188,4.625,4.562,231900.000,0.057971,4.438,4.688,25676.000,1.000,1.000,4.188,,0.057971,-0.012,-0.012,0.011,0.011,-0.011
84577,2001/01/05,,11,1,5521,17273730,KMX,CIRCUIT CITY STORES INC,,,,N,A,R,20453,0,1,5521,17273730,,,,,,,,,,,,,,,,,,,,,,,,,4.250,4.500,4.438,110400.000,-0.027397,4.188,4.625,25676.000,1.000,1.000,4.500,,-0.027397,-0.029,-0.029,-0.009,-0.009,-0.026
84577,2001/01/08,,11,1,5521,17273730,KMX,CIRCUIT CITY STORES INC,,,,N,A,R,20453,0,1,5521,17273730,,,,,,,,,,,,,,,,,,,,,,,,,4.062,4.562,4.125,69000.000,-0.070423,4.000,4.375,25676.000,1.000,1.000,4.562,,-0.070423,-0.003,-0.004,-0.005,-0.005,-0.002
84577,2001/01/09,,11,1,5521,17273730,KMX,CIRCUIT CITY STORES INC,,,,N,A,R,20453,0,1,5521,17273730,,,,,,,,,,,,,,,,,,,,,,,,,4.125,4.438,4.375,60700.000,0.060606,4.250,4.500,25676.000,1.000,1.000,4.125,,0.060606,0.005,0.005,0.012,0.012,0.004
84577,2001/01/10,,11,1,5521,17273730,KMX,CIRCUIT CITY STORES INC,,,,N,A,R,20453,0,1,5521,17273730,,,,,,,,,,,,,,,,,,,,,,,,,4.125,4.500,4.438,115800.000,0.014286,4.312,4.625,25676.000,1.000,1.000,4.438,,0.014286,0.014,0.014,0.021,0.020,0.010
84577,2001/01/11,,11,1,5521,17273730,KMX,CIRCUIT CITY STORES INC,,,,N,A,R,20453,0,1,5521,17273730,,,,,,,,,,,,,,,,,,,,,,,,,4.500,4.625,4.625,139700.000,0.042254,4.438,4.750,25676.000,1.000,1.000,4.562,,0.042254,0.015,0.015,0.027,0.027,0.010
84577,2001/01/12,,11,1,5521,17273730,KMX,CIRCUIT CITY STORES INC,,,,N,A,R,20453,0,1,5521,17273730,,,,,,,,,,,,,,,,,,,,,,,,,4.562,4.750,4.688,270400.000,0.013514,4.562,4.750,25676.000,1.000,1.000,4.750,,0.013514,-0.004,-0.004,0.019,0.019,-0.006
84577,2001/01/16,,11,1,5521,17273730,KMX,CIRCUIT CITY STORES INC,,,,N,A,R,20453,0,1,5521,17273730,,,,,,,,,,,,,,,,,,,,,,,,,4.688,5.125,5.000,254100.000,0.066667,5.000,5.312,25676.000,1.000,1.000,4.688,,0.066667,0.006,0.006,0.019,0.019,0.006
84577,2001/01/17,,11,1,5521,17273730,KMX,CIRCUIT CITY STORES INC,,,,N,A,R,20453,0,1,5521,17273730,,,,,,,,,,,,,,,,,,,,,,,,,4.938,5.375,5.312,160300.000,0.062500,,,25676.000,1.000,1.000,4.938,,0.062500,0.004,0.004,0.013,0.013,0.002
84577,2001/01/18,,11,1,5521,17273730,KMX,CIRCUIT CITY STORES INC,,,,N,A,R,20453,0,1,5521,17273730,,,,,,,,,,,,,,,,,,,,,,,,,5.062,5.312,5.188,88100.000,-0.023529,5.062,5.375,25676.000,1.000,1.000,5.312,,-0.023529,0.012,0.012,0.009,0.008,0.014
84577,2001/01/19,,11,1,5521,17273730,KMX,CIRCUIT CITY STORES INC,,,,N,A,R,20453,0,1,5521,17273730,,,,,,,,,,,,,,,,,,,,,,,,,5.062,5.250,5.125,99500.000,-0.012048,5.125,5.312,25676.000,1.000,1.000,5.188,,-0.012048,-0.004,-0.004,0.004,0.004,-0.004
84577,2001/01/22,,11,1,5521,17273730,KMX,CIRCUIT CITY STORES INC,,,,N,A,R,20453,0,1,5521,17273730,,,,,,,,,,,,,,,,,,,,,,,,,4.875,5.312,5.000,161200.000,-0.024390,4.812,5.125,25676.000,1.000,1.000,5.250,,-0.024390,0.000,0.000,0.005,0.005,0.000
84577,2001/01/23,,11,1,5521,17273730,KMX,CIRCUIT CITY STORES INC,,,,N,A,R,20453,0,1,5521,17273730,,,,,,,,,,,,,,,,,,,,,,,,,4.938,5.250,5.250,63800.000,0.050000,5.062,5.312,25676.000,1.000,1.000,5.000,,0.050000,0.016,0.016,0.015,0.015,0.013
84577,2001/01/24,,11,1,5521,17273730,KMX,CIRCUIT CITY STORES INC,,,,N,A,R,20453,0,1,5521,17273730,,,,,,,,,,,,,,,,,,,,,,,,,5.000,5.188,5.062,50000.000,-0.035714,4.938,5.125,25676.000,1.000,1.000,5.188,,-0.035714,0.003,0.003,0.007,0.007,0.003
84577,2001/01/25,,11,1,5521,17273730,KMX,CIRCUIT CITY STORES INC,,,,N,A,R,20453,0,1,5521,17273730,,,,,,,,,,,,,,,,,,,,,,,,,4.750,5.188,4.812,65200.000,-0.049383,4.625,4.875,25676.000,1.000,1.000,5.125,,-0.049383,-0.008,-0.008,-0.003,-0.003,-0.005
84577,2001/01/26,,11,1,5521,17273730,KMX,CIRCUIT CITY STORES INC,,,,N,A,R,20453,0,1,5521,17273730,,,,,,,,,,,,,,,,,,,,,,,,,4.188,4.750,4.688,112600.000,-0.025974,4.438,4.812,25676.000,1.000,1.000,4.750,,-0.025974,-0.001,-0.001,0.002,0.002,-0.002
84577,2001/01/29,,11,1,5521,17273730,KMX,CIRCUIT CITY STORES INC,,,,N,A,R,20453,0,1,5521,17273730,,,,,,,,,,,,,,,,,,,,,,,,,4.340,4.700,4.450,42300.000,-0.050667,,,25676.000,1.000,1.000,4.700,,-0.050667,0.009,0.009,0.010,0.010,0.007
84577,2001/01/30,,11,1,5521,17273730,KMX,CIRCUIT CITY STORES INC,,,,N,A,R,20453,0,1,5521,17273730,,,,,,,,,,,,,,,,,,,,,,,,,4.400,5.000,5.000,131400.000,0.123596,,,25676.000,1.000,1.000,4.490,,0.123596,0.007,0.007,0.010,0.009,0.007
84577,2001/01/31,,11,1,5521,17273730,KMX,CIRCUIT CITY STORES INC,,,,N,A,R,20453,0,1,5521,17273730,,,,,,,,0.000,,,,,,,,,,,,,,,,,4.850,5.000,4.850,34600.000,-0.030000,,,25647.000,1.000,1.000,5.000,,-0.030000,-0.007,-0.007,-0.000,-0.000,-0.006
84577,2001/02/01,,11,1,5521,17273730,KMX,CIRCUIT CITY STORES INC,,,,N,A,R,20453,0,1,5521,17273730,,,,,,,,,,,,,,,,,,,,,,,,,4.650,4.850,4.730,18400.000,-0.024742,4.600,5.000,25647.000,1.000,1.000,4.750,,-0.024742,0.004,0.004,0.002,0.002,0.005
84577,2001/02/02,,11,1,5521,17273730,KMX,CIRCUIT CITY STORES INC,,,,N,A,R,20453,0,1,5521,17273730,,,,,,,,,,,,,,,,,,,,,,,,,4.650,4.900,4.800,26900.000,0.014799,,,25647.000,1.000,1.000,4.660,,0.014799,-0.019,-0.019,-0.009,-0.009,-0.017
84577,2001/02/05,,11,1,5521,17273730,KMX,CIRCUIT CITY STORES INC,,,,N,A,R,20453,0,1,5521,17273730,,,,,,,,,,,,,,,,,,,,,,,,,4.750,5.100,5.040,47400.000,0.050000,,,25647.000,1.000,1.000,4.800,,0.050000,0.002,0.002,-0.004,-0.004,0.004
84577,2001/02/06,,11,1,5521,17273730,KMX,CIRCUIT CITY STORES INC,,,,N,A,R,20453,0,1,5521,17273730,,,,,,,,,,,,,,,,,,,,,,,,,4.810,5.100,5.040,42500.000,0.000000,,,25647.000,1.000,1.000,4.850,,0.000000,0.000,0.000,0.002,0.002,-0.002
84577,2001/02/07,,11,1,5521,17273730,KMX,CIRCUIT CITY STORES INC,,,,N,A,R,20453,0,1,5521,17273730,,,,,,,,,,,,,,,,,,,,,,,,,5.040,5.240,5.170,67000.000,0.025794,,,25647.000,1.000,1.000,5.100,,0.025794,-0.009,-0.009,-0.004,-0.004,-0.008
84577,2001/02/08,,11,1,5521,17273730,KMX,CIRCUIT CITY STORES INC,,,,N,A,R,20453,0,1,5521,17273730,,,,,,,,,,,,,,,,,,,,,,,,,5.130,5.250,5.200,73900.000,0.005803,,,25647.000,1.000,1.000,5.130,,0.005803,-0.006,-0.007,-0.003,-0.003,-0.006
84577,2001/02/09,,11,1,5521,17273730,KMX,CIRCUIT CITY STORES INC,,,,N,A,R,20453,0,1,5521,17273730,,,,,,,,,,,,,,,,,,,,,,,,,5.010,5.220,5.050,104800.000,-0.028846,,,25647.000,1.000,1.000,5.100,,-0.028846,-0.014,-0.014,-0.009,-0.009,-0.013
84577,2001/02/12,,11,1,5521,17273730,KMX,CIRCUIT CITY STORES INC,,,,N,A,R,20453,0,1,5521,17273730,,,,,,,,,,,,,,,,,,,,,,,,,5.010,5.200,5.100,34700.000,0.009901,,,25647.000,1.000,1.000,5.010,,0.009901,0.010,0.010,0.005,0.005,0.012
84577,2001/02/13,,11,1,5521,17273730,KMX,CIRCUIT CITY STORES INC,,,,N,A,R,20453,0,1,5521,17273730,,,,,,,,,,,,,,,,,,,,,,,,,5.050,5.500,5.500,142600.000,0.078431,,,25647.000,1.000,1.000,5.100,,0.078431,-0.009,-0.009,-0.003,-0.004,-0.009
84577,2001/02/14,,11,1,5521,17273730,KMX,CIRCUIT CITY STORES INC,,,,N,A,R,20453,0,1,5521,17273730,,,,,,,,,,,,,,,,,,,,,,,,,5.220,5.490,5.250,101800.000,-0.045455,,,25647.000,1.000,1.000,5.490,,-0.045455,-0.000,-0.000,-0.000,-0.001,-0.002
84577,2001/02/15,,11,1,5521,17273730,KMX,CIRCUIT CITY STORES INC,,,,N,A,R,20453,0,1,5521,17273730,,,,,,,,,,,,,,,,,,,,,,,,,5.250,5.400,5.250,52100.000,0.000000,,,25647.000,1.000,1.000,5.300,,0.000000,0.009,0.009,0.009,0.009,0.008
84577,2001/02/16,,11,1,5521,17273730,KMX,CIRCUIT CITY STORES INC,,,,N,A,R,20453,0,1,5521,17273730,,,,,,,,,,,,,,,,,,,,,,,,,4.900,5.340,5.100,88400.000,-0.028571,,,25647.000,1.000,1.000,5.250,,-0.028571,-0.021,-0.021,-0.014,-0.014,-0.019
84577,2001/02/20,,11,1,5521,17273730,KMX,CIRCUIT CITY STORES INC,,,,N,A,R,20453,0,1,5521,17273730,,,,,,,,,,,,,,,,,,,,,,,,,4.920,5.150,4.950,50000.000,-0.029412,,,25647.000,1.000,1.000,5.120,,-0.029412,-0.019,-0.019,-0.012,-0.012,-0.017
84577,2001/02/21,,11,1,5521,17273730,KMX,CIRCUIT CITY STORES INC,,,,N,A,R,20453,0,1,5521,17273730,,,,,,,,,,,,,,,,,,,,,,,,,5.050,5.400,5.250,65600.000,0.060606,,,25647.000,1.000,1.000,5.100,,0.060606,-0.018,-0.018,-0.016,-0.016,-0.019
84577,2001/02/22,,11,1,5521,17273730,KMX,CIRCUIT CITY STORES INC,,,,N,A,R,20453,0,1,5521,17273730,,,,,,,,,,,,,,,,,,,,,,,,,5.200,5.250,5.250,117200.000,0.000000,,,25647.000,1.000,1.000,5.250,,0.000000,-0.005,-0.005,-0.011,-0.011,-0.002
84577,2001/02/23,,11,1,5521,17273730,KMX,CIRCUIT CITY STORES INC,,,,N,A,R,20453,0,1,5521,17273730,,,,,,,,,,,,,,,,,,,,,,,,,5.100,5.250,5.200,30600.000,-0.009524,,,25647.000,1.000,1.000,5.250,,-0.009524,-0.004,-0.004,-0.003,-0.003,-0.006
84577,2001/02/26,,11,1,5521,17273730,KMX,CIRCUIT CITY STORES INC,,,,N,A,R,20453,0,1,5521,17273730,,,,,,,,,,,,,,,,,,,,,,,,,5.050,5.350,5.250,46700.000,0.009615,5.140,5.310,25647.000,1.000,1.000,5.130,,0.009615,0.019,0.019,0.016,0.016,0.017
84577,2001/02/27,,11,1,5521,17273730,KMX,CIRCUIT CITY STORES INC,,,,N,A,R,20453,0,1,5521,17273730,,,,,,,,,,,,,,,,,,,,,,,,,5.100,5.390,5.140,32500.000,-0.020952,,,25647.000,1.000,1.000,5.270,,-0.020952,-0.012,-0.012,-0.012,-0.012,-0.008
84577,2001/02/28,,11,1,5521,17273730,KMX,CIRCUIT CITY STORES INC,,,,N,A,R,20453,0,1,5521,17273730,,,,,,,,0.000,,,,,,,,,,,,,,,,,5.000,5.240,5.150,27000.000,0.001946,5.040,5.190,25647.000,1.000,1.000,5.240,,0.001946,-0.014,-0.014,-0.008,-0.008,-0.014
84577,2001/03/01,,11,1,5521,17273730,KMX,CIRCUIT CITY STORES INC,,,,N,A,R,20453,0,1,5521,17273730,,,,,,,,,,,,,,,,,,,,,,,,,4.700,5.070,5.050,94500.000,-0.019417,,,25647.000,1.000,1.000,4.900,,-0.019417,0.000,0.000,-0.006,-0.006,0.001
84577,2001/03/02,,11,1,5521,17273730,KMX,CIRCUIT CITY STORES INC,,,,N,A,R,20453,0,1,5521,17273730,,,,,,,,,,,,,,,,,,,,,,,,,4.800,5.240,5.200,57000.000,0.029703,5.140,5.260,25647.000,1.000,1.000,5.000,,0.029703,-0.005,-0.005,0.005,0.005,-0.006
84577,2001/03/05,,11,1,5521,17273730,KMX,CIRCUIT CITY STORES INC,,,,N,A,R,20453,0,1,5521,17273730,,,,,,,,,,,,,,,,,,,,,,,,,5.100,5.200,5.100,65300.000,-0.019231,,,25647.000,1.000,1.000,5.130,,-0.019231,0.005,0.005,0.002,0.002,0.006
84577,2001/03/06,,11,1,5521,17273730,KMX,CIRCUIT CITY STORES INC,,,,N,A,R,20453,0,1,5521,17273730,,,,,,,,,,,,,,,,,,,,,,,,,5.200,5.650,5.550,214400.000,0.088235,,,25647.000,1.000,1.000,5.220,,0.088235,0.011,0.011,0.010,0.010,0.010
84577,2001/03/07,,11,1,5521,17273730,KMX,CIRCUIT CITY STORES INC,,,,N,A,R,20453,0,1,5521,17273730,,,,,,,,,,,,,,,,,,,,,,,,,5.550,6.000,6.000,205500.000,0.081081,5.890,6.060,25647.000,1.000,1.000,5.650,,0.081081,0.006,0.006,0.006,0.005,0.006
84577,2001/03/08,,11,1,5521,17273730,KMX,CIRCUIT CITY STORES INC,,,,N,A,R,20453,0,1,5521,17273730,,,,,,,,,,,,,,,,,,,,,,,,,5.550,6.000,5.680,67300.000,-0.053333,,,25647.000,1.000,1.000,6.000,,-0.053333,-0.001,-0.001,-0.004,-0.004,0.002
84577,2001/03/09,,11,1,5521,17273730,KMX,CIRCUIT CITY STORES INC,,,,N,A,R,20453,0,1,5521,17273730,,,,,,,,,,,,,,,,,,,,,,,,,5.630,5.980,5.870,53200.000,0.033451,,,25647.000,1.000,1.000,5.650,,0.033451,-0.024,-0.024,-0.015,-0.015,-0.025
84577,2001/03/12,,11,1,5521,17273730,KMX,CIRCUIT CITY STORES INC,,,,N,A,R,20453,0,1,5521,17273730,,,,,,,,,,,,,,,,,,,,,,,,,5.400,5.770,5.400,176100.000,-0.080068,,,25647.000,1.000,1.000,5.770,,-0.080068,-0.042,-0.042,-0.031,-0.031,-0.043
84577,2001/03/13,,11,1,5521,17273730,KMX,CIRCUIT CITY STORES INC,,,,N,A,R,20453,0,1,5521,17273730,,,,,,,,,,,,,,,,,,,,,,,,,5.400,5.700,5.530,72400.000,0.024074,5.490,5.610,25647.000,1.000,1.000,5.400,,0.024074,0.015,0.015,0.005,0.005,0.015
84577,2001/03/14,,11,1,5521,17273730,KMX,CIRCUIT CITY STORES INC,,,,N,A,R,20453,0,1,5521,17273730,,,,,,,,,,,,,,,,,,,,,,,,,5.390,5.500,5.400,85200.000,-0.023508,,,25647.000,1.000,1.000,5.430,,-0.023508,-0.025,-0.025,-0.018,-0.018,-0.026
84577,2001/03/15,,11,1,5521,17273730,KMX,CIRCUIT CITY STORES INC,,,,N,A,R,20453,0,1,5521,17273730,,,,,,,,,,,,,,,,,,,,,,,,,5.400,5.550,5.410,73300.000,0.001852,,,25647.000,1.000,1.000,5.500,,0.001852,0.003,0.003,-0.000,-0.000,0.006
84577,2001/03/16,,11,1,5521,17273730,KMX,CIRCUIT CITY STORES INC,,,,N,A,R,20453,0,1,5521,17273730,,,,,,,,,,,,,,,,,,,,,,,,,5.200,5.450,5.200,111900.000,-0.038817,,,25647.000,1.000,1.000,5.450,,-0.038817,-0.021,-0.021,-0.018,-0.018,-0.020
84577,2001/03/19,,11,1,5521,17273730,KMX,CIRCUIT CITY STORES INC,,,,N,A,R,20453,0,1,5521,17273730,,,,,,,,,,,,,,,,,,,,,,,,,5.100,5.440,5.350,136300.000,0.028846,,,25647.000,1.000,1.000,5.100,,0.028846,0.019,0.019,0.009,0.009,0.018
84577,2001/03/20,,11,1,5521,17273730,KMX,CIRCUIT CITY STORES INC,,,,N,A,R,20453,0,1,5521,17273730,,,,,,,,,,,,,,,,,,,,,,,,,5.200,5.750,5.740,151400.000,0.072897,,,25647.000,1.000,1.000,5.350,,0.072897,-0.023,-0.023,-0.008,-0.009,-0.024
84577,2001/03/21,,11,1,5521,17273730,KMX,CIRCUIT CITY STORES INC,,,,N,A,R,20453,0,1,5521,17273730,,,,,,,,,,,,,,,,,,,,,,,,,5.550,5.670,5.580,69500.000,-0.027875,5.530,5.710,25647.000,1.000,1.000,5.640,,-0.027875,-0.019,-0.019,-0.016,-0.016,-0.018
84577,2001/03/22,,11,1,5521,17273730,KMX,CIRCUIT CITY STORES INC,,,,N,A,R,20453,0,1,5521,17273730,,,,,,,,,,,,,,,,,,,,,,,,,5.250,5.700,5.700,149100.000,0.021505,,,25647.000,1.000,1.000,5.500,,0.021505,-0.004,-0.005,-0.011,-0.011,-0.004
84577,2001/03/23,,11,1,5521,17273730,KMX,CIRCUIT CITY STORES INC,,,,N,A,R,20453,0,1,5521,17273730,,,,,,,,,,,,,,,,,,,,,,,,,5.600,6.100,6.010,392300.000,0.054386,,,25647.000,1.000,1.000,5.600,,0.054386,0.020,0.020,0.021,0.021,0.020
84577,2001/03/26,,11,1,5521,17273730,KMX,CIRCUIT CITY STORES INC,,,,N,A,R,20453,0,1,5521,17273730,,,,,,,,,,,,,,,,,,,,,,,,,6.200,6.750,6.700,341700.000,0.114809,,,25647.000,1.000,1.000,6.200,,0.114809,0.011,0.011,0.007,0.007,0.011
84577,2001/03/27,,11,1,5521,17273730,KMX,CIRCUIT CITY STORES INC,,,,N,A,R,20453,0,1,5521,17273730,,,,,,,,,,,,,,,,,,,,,,,,,6.700,7.650,7.510,407100.000,0.120896,,,25647.000,1.000,1.000,6.950,,0.120896,0.023,0.023,0.009,0.009,0.026
84577,2001/03/28,,11,1,5521,17273730,KMX,CIRCUIT CITY STORES INC,,,,N,A,R,20453,0,1,5521,17273730,,,,,,,,,,,,,,,,,,,,,,,,,7.100,8.040,8.000,624000.000,0.065246,,,25647.000,1.000,1.000,7.500,,0.065246,-0.026,-0.026,-0.018,-0.018,-0.024
84577,2001/03/29,,11,1,5521,17273730,KMX,CIRCUIT CITY STORES INC,,,,N,A,R,20453,0,1,5521,17273730,,,,,,,,,,,,,,,,,,,,,,,,,7.600,8.530,7.850,529000.000,-0.018750,,,25647.000,1.000,1.000,8.000,,-0.018750,-0.005,-0.005,-0.007,-0.007,-0.005
84577,2001/03/30,,11,1,5521,17273730,KMX,CIRCUIT CITY STORES INC,,,,N,A,R,20453,0,1,5521,17273730,,,,,,,,0.000,,,,,,,,,,,,,,,,,7.010,7.860,7.540,291400.000,-0.039490,,,25647.000,1.000,1.000,7.860,,-0.039490,0.012,0.012,0.016,0.016,0.011
84577,2001/04/02,,11,1,5521,17273730,KMX,CIRCUIT CITY STORES INC,,,,N,A,R,20453,0,1,5521,17273730,,,,,,,,,,,,,,,,,,,,,,,,,7.250,7.710,7.640,165800.000,0.013263,,,25647.000,1.000,1.000,7.440,,0.013263,-0.016,-0.016,-0.021,-0.021,-0.012
84577,2001/04/03,,11,1,5521,17273730,KMX,CIRCUIT CITY STORES INC,,,,N,A,R,20453,0,1,5521,17273730,,,,,,,,,,,,,,,,,,,,,,,,,7.540,8.020,7.750,139900.000,0.014398,,,25647.000,1.000,1.000,7.550,,0.014398,-0.036,-0.036,-0.034,-0.034,-0.034
84577,2001/04/04,,11,1,5521,17273730,KMX,CIRCUIT CITY STORES INC,,,,N,A,R,20453,0,1,5521,17273730,,,,,,,,,,,,,,,,,,,,,,,,,7.400,7.880,7.700,171500.000,-0.006452,,,25647.000,1.000,1.000,7.650,,-0.006452,-0.003,-0.003,-0.008,-0.008,-0.003
84577,2001/04/05,,11,1,5521,17273730,KMX,CIRCUIT CITY STORES INC,,,,N,A,R,20453,0,1,5521,17273730,,,,,,,,,,,,,,,,,,,,,,,,,7.700,7.990,7.700,66500.000,0.000000,,,25647.000,1.000,1.000,7.800,,0.000000,0.046,0.046,0.039,0.039,0.044
84577,2001/04/06,,11,1,5521,17273730,KMX,CIRCUIT CITY STORES INC,,,,N,A,R,20453,0,1,5521,17273730,,,,,,,,,,,,,,,,,,,,,,,,,7.550,7.860,7.700,96300.000,0.000000,,,25647.000,1.000,1.000,7.810,,0.000000,-0.020,-0.020,-0.013,-0.013,-0.020
84577,2001/04/09,,11,1,5521,17273730,KMX,CIRCUIT CITY STORES INC,,,,N,A,R,20453,0,1,5521,17273730,,,,,,,,,,,,,,,,,,,,,,,,,7.330,7.700,7.540,88500.000,-0.020779,,,25647.000,1.000,1.000,7.700,,-0.020779,0.009,0.009,0.006,0.006,0.008
84577,2001/04/10,,11,1,5521,17273730,KMX,CIRCUIT CITY STORES INC,,,,N,A,R,20453,0,1,5521,17273730,,,,,,,,,,,,,,,,,,,,,,,,,7.520,7.750,7.600,89800.000,0.007958,7.590,7.660,25647.000,1.000,1.000,7.520,,0.007958,0.029,0.029,0.023,0.023,0.027
84577,2001/04/11,,11,1,5521,17273730,KMX,CIRCUIT CITY STORES INC,,,,N,A,R,20453,0,1,5521,17273730,,,,,,,,,,,,,,,,,,,,,,,,,7.550,7.750,7.600,43400.000,0.000000,7.500,7.710,25647.000,1.000,1.000,7.550,,0.000000,-0.001,-0.001,0.007,0.007,-0.002
84577,2001/04/12,,11,1,5521,17273730,KMX,CIRCUIT CITY STORES INC,,,,N,A,R,20453,0,1,5521,17273730,,,,,,,,,,,,,,,,,,,,,,,,,7.510,8.220,7.990,149500.000,0.051316,,,25647.000,1.000,1.000,7.600,,0.051316,0.016,0.016,0.015,0.015,0.015
84577,2001/04/16,,11,1,5521,17273730,KMX,CIRCUIT CITY STORES INC,,,,N,A,R,20453,0,1,5521,17273730,,,,,,,,,,,,,,,,,,,,,,,,,7.900,8.220,7.990,92300.000,0.000000,,,25647.000,1.000,1.000,8.200,,0.000000,-0.005,-0.005,-0.004,-0.004,-0.003
84577,2001/04/17,,11,1,5521,17273730,KMX,CIRCUIT CITY STORES INC,,,,N,A,R,20453,0,1,5521,17273730,,,,,,,,,,,,,,,,,,,,,,,,,7.840,8.490,8.350,80600.000,0.045056,,,25647.000,1.000,1.000,7.900,,0.045056,0.010,0.010,0.005,0.005,0.010
84577,2001/04/18,,11,1,5521,17273730,KMX,CIRCUIT CITY STORES INC,,,,N,A,R,20453,0,1,5521,17273730,,,,,,,,,,,,,,,,,,,,,,,,,8.000,8.480,8.040,115100.000,-0.037126,,,25647.000,1.000,1.000,8.370,,-0.037126,0.040,0.040,0.029,0.029,0.039
84577,2001/04/19,,11,1,5521,17273730,KMX,CIRCUIT CITY STORES INC,,,,N,A,R,20453,0,1,5521,17273730,,,,,,,,,,,,,,,,,,,,,,,,,7.950,8.250,8.110,110300.000,0.008706,,,25647.000,1.000,1.000,8.140,,0.008706,0.015,0.015,0.016,0.016,0.013
84577,2001/04/20,,11,1,5521,17273730,KMX,CIRCUIT CITY STORES INC,,,,N,A,R,20453,0,1,5521,17273730,,,,,,,,,,,,,,,,,,,,,,,,,8.000,8.450,8.390,153400.000,0.034525,,,25647.000,1.000,1.000,8.020,,0.034525,-0.008,-0.008,0.001,0.001,-0.009
84577,2001/04/23,,11,1,5521,17273730,KMX,CIRCUIT CITY STORES INC,,,,N,A,R,20453,0,1,5521,17273730,,,,,,,,,,,,,,,,,,,,,,,,,8.290,9.470,9.360,388100.000,0.115614,,,25647.000,1.000,1.000,8.290,,0.115614,-0.017,-0.017,-0.008,-0.008,-0.015
84577,2001/04/24,,11,1,5521,17273730,KMX,CIRCUIT CITY STORES INC,,,,N,A,R,20453,0,1,5521,17273730,,,,,,,,,,,,,,,,,,,,,,,,,9.630,10.400,10.240,628700.000,0.094017,,,25647.000,1.000,1.000,9.750,,0.094017,-0.011,-0.011,0.002,0.002,-0.012
84577,2001/04/25,,11,1,5521,17273730,KMX,CIRCUIT CITY STORES INC,,,,N,A,R,20453,0,1,5521,17273730,,,,,,,,,,,,,,,,,,,,,,,,,9.500,10.250,9.900,253600.000,-0.033203,,,25647.000,1.000,1.000,10.140,,-0.033203,0.016,0.016,0.012,0.011,0.016
84577,2001/04/26,,11,1,5521,17273730,KMX,CIRCUIT CITY STORES INC,,,,N,A,R,20453,0,1,5521,17273730,,,,,,,,,,,,,,,,,,,,,,,,,9.800,10.000,9.830,92100.000,-0.007071,,,25647.000,1.000,1.000,9.820,,-0.007071,0.005,0.005,0.008,0.007,0.005
84577,2001/04/27,,11,1,5521,17273730,KMX,CIRCUIT CITY STORES INC,,,,N,A,R,20453,0,1,5521,17273730,,,,,,,,,,,,,,,,,,,,,,,,,9.930,10.840,10.410,257000.000,0.059003,,,25647.000,1.000,1.000,9.930,,0.059003,0.014,0.014,0.011,0.011,0.015
84577,2001/04/30,,11,1,5521,17273730,KMX,CIRCUIT CITY STORES INC,,,,N,A,R,20453,0,1,5521,17273730,,,,,,,,0.000,,,,,,,,,,,,,,,,,9.950,10.500,10.100,151800.000,-0.029779,,,25647.000,1.000,1.000,10.000,,-0.029779,0.001,0.001,0.010,0.010,-0.003
84577,2001/05/01,,11,1,5521,17273730,KMX,CIRCUIT CITY STORES INC,,,,N,A,R,20453,0,1,5521,17273730,,,,,,,,,,,,,,,,,,,,,,,,,9.830,10.050,10.050,137800.000,-0.004951,,,25647.000,1.000,1.000,10.000,,-0.004951,0.013,0.013,0.010,0.010,0.014
84577,2001/05/02,,11,1,5521,17273730,KMX,CIRCUIT CITY STORES INC,,,,N,A,R,20453,0,1,5521,17273730,,,,,,,,,,,,,,,,,,,,,,,,,9.910,10.430,10.300,108900.000,0.024876,,,25647.000,1.000,1.000,10.000,,0.024876,0.003,0.003,0.012,0.012,0.001
84577,2001/05/03,,11,1,5521,17273730,KMX,CIRCUIT CITY STORES INC,,,,N,A,R,20453,0,1,5521,17273730,,,,,,,,,,,,,,,,,,,,,,,,,10.100,11.100,10.700,191900.000,0.038835,,,25647.000,1.000,1.000,10.300,,0.038835,-0.015,-0.015,-0.005,-0.006,-0.015
84577,2001/05/04,,11,1,5521,17273730,KMX,CIRCUIT CITY STORES INC,,,,N,A,R,20453,0,1,5521,17273730,,,,,,,,,,,,,,,,,,,,,,,,,10.060,11.420,10.550,114100.000,-0.014019,,,25647.000,1.000,1.000,10.600,,-0.014019,0.014,0.014,0.011,0.011,0.014
84577,2001/05/07,,11,1,5521,17273730,KMX,CIRCUIT CITY STORES INC,,,,N,A,R,20453,0,1,5521,17273730,,,,,,,,,,,,,,,,,,,,,,,,,10.550,11.240,10.980,226400.000,0.040758,,,25647.000,1.000,1.000,10.650,,0.040758,-0.003,-0.003,0.001,0.001,-0.002
84577,2001/05/08,,11,1,5521,17273730,KMX,CIRCUIT CITY STORES INC,,,,N,A,R,20453,0,1,5521,17273730,,,,,,,,,,,,,,,,,,,,,,,,,11.500,12.500,12.480,369600.000,0.136612,,,25647.000,1.000,1.000,11.500,,0.136612,-0.001,-0.001,0.005,0.005,-0.002
84577,2001/05/09,,11,1,5521,17273730,KMX,CIRCUIT CITY STORES INC,,,,N,A,R,20453,0,1,5521,17273730,,,,,,,,,,,,,,,,,,,,,,,,,12.010,12.590,12.570,235200.000,0.007212,,,25647.000,1.000,1.000,12.380,,0.007212,-0.004,-0.004,0.001,0.001,-0.004
84577,2001/05/10,,11,1,5521,17273730,KMX,CIRCUIT CITY STORES INC,,,,N,A,R,20453,0,1,5521,17273730,,,,,,,,,,,,,,,,,,,,,,,,,10.750,13.870,11.650,403900.000,-0.073190,,,25647.000,1.000,1.000,12.650,,-0.073190,-0.000,-0.001,0.003,0.003,-0.000
84577,2001/05/11,,11,1,5521,17273730,KMX,CIRCUIT CITY STORES INC,,,,N,A,R,20453,0,1,5521,17273730,,,,,,,,,,,,,,,,,,,,,,,,,11.870,13.200,13.060,305600.000,0.121030,,,25647.000,1.000,1.000,11.950,,0.121030,-0.008,-0.008,-0.002,-0.002,-0.008
84577,2001/05/14,,11,1,5521,17273730,KMX,CIRCUIT CITY STORES INC,,,,N,A,R,20453,0,1,5521,17273730,,,,,,,,,,,,,,,,,,,,,,,,,14.100,14.540,14.400,419100.000,0.102603,,,25647.000,1.000,1.000,14.100,,0.102603,0.001,0.001,-0.003,-0.003,0.003
84577,2001/05/15,,11,1,5521,17273730,KMX,CIRCUIT CITY STORES INC,,,,N,A,R,20453,0,1,5521,17273730,,,,,,,,,,,,,,,,,,,,,,,,,14.540,15.490,15.000,463400.000,0.041667,,,25647.000,1.000,1.000,15.000,,0.041667,0.001,0.001,0.004,0.004,0.000
84577,2001/05/16,,11,1,5521,17273730,KMX,CIRCUIT CITY STORES INC,,,,N,A,R,20453,0,1,5521,17273730,,,,,,,,,,,,,,,,,,,,,,,,,14.050,14.900,14.120,274800.000,-0.058667,,,25647.000,1.000,1.000,14.900,,-0.058667,0.027,0.027,0.010,0.010,0.028
84577,2001/05/17,,11,1,5521,17273730,KMX,CIRCUIT CITY STORES INC,,,,N,A,R,20453,0,1,5521,17273730,,,,,,,,,,,,,,,,,,,,,,,,,12.410,14.250,13.550,634000.000,-0.040368,,,25647.000,1.000,1.000,13.850,,-0.040368,0.006,0.006,0.011,0.010,0.003
84577,2001/05/18,,11,1,5521,17273730,KMX,CIRCUIT CITY STORES INC,,,,N,A,R,20453,0,1,5521,17273730,,,,,,,,,,,,,,,,,,,,,,,,,12.900,13.990,13.760,210600.000,0.015498,,,25647.000,1.000,1.000,13.000,,0.015498,0.003,0.003,0.005,0.005,0.003
84577,2001/05/21,,11,1,5521,17273730,KMX,CIRCUIT CITY STORES INC,,,,N,A,R,20453,0,1,5521,17273730,,,,,,,,,,,,,,,,,,,,,,,,,13.450,13.800,13.650,164300.000,-0.007994,13.580,13.700,25647.000,1.000,1.000,13.770,,-0.007994,0.019,0.019,0.016,0.016,0.016
84577,2001/05/22,,11,1,5521,17273730,KMX,CIRCUIT CITY STORES INC,,,,N,A,R,20453,0,1,5521,17273730,,,,,,,,,,,,,,,,,,,,,,,,,13.500,13.730,13.560,114600.000,-0.006593,13.540,13.580,25647.000,1.000,1.000,13.600,,-0.006593,-0.002,-0.002,0.007,0.007,-0.003
84577,2001/05/23,,11,1,5521,17273730,KMX,CIRCUIT CITY STORES INC,,,,N,A,R,20453,0,1,5521,17273730,,,,,,,,,,,,,,,,,,,,,,,,,13.310,13.990,13.990,151600.000,0.031711,13.950,14.000,25647.000,1.000,1.000,13.530,,0.031711,-0.017,-0.017,-0.007,-0.007,-0.016
84577,2001/05/24,,11,1,5521,17273730,KMX,CIRCUIT CITY STORES INC,,,,N,A,R,20453,0,1,5521,17273730,,,,,,,,,,,,,,,,,,,,,,,,,14.090,14.990,14.990,167600.000,0.071480,14.880,15.100,25647.000,1.000,1.000,14.090,,0.071480,0.004,0.004,0.006,0.005,0.003
84577,2001/05/25,,11,1,5521,17273730,KMX,CIRCUIT CITY STORES INC,,,,N,A,R,20453,0,1,5521,17273730,,,,,,,,,,,,,,,,,,,,,,,,,14.550,15.000,15.000,153500.000,0.000667,14.800,15.000,25647.000,1.000,1.000,15.000,,0.000667,-0.010,-0.010,0.003,0.003,-0.012
84577,2001/05/29,,11,1,5521,17273730,KMX,CIRCUIT CITY STORES INC,,,,N,A,R,20453,0,1,5521,17273730,,,,,,,,,,,,,,,,,,,,,,,,,14.700,15.100,14.910,118100.000,-0.006000,14.850,14.910,25647.000,1.000,1.000,15.000,,-0.006000,-0.010,-0.010,-0.008,-0.008,-0.008
84577,2001/05/30,,11,1,5521,17273730,KMX,CIRCUIT CITY STORES INC,,,,N,A,R,20453,0,1,5521,17273730,,,,,,,,,,,,,,,,,,,,,,,,,13.780,14.990,14.090,164200.000,-0.054997,13.920,14.200,25647.000,1.000,1.000,14.910,,-0.054997,-0.018,-0.018,-0.016,-0.016,-0.016
84577,2001/05/31,,11,1,5521,17273730,KMX,CIRCUIT CITY STORES INC,,,,N,A,R,20453,0,1,5521,17273730,,,,,,,,0.000,,,,,,,,,,,,,,,,,13.990,14.950,14.860,146000.000,0.054649,14.750,14.960,25647.000,1.000,1.000,13.990,,0.054649,0.008,0.008,0.007,0.007,0.006
84577,2001/06/01,,11,1,5521,17273730,KMX,CIRCUIT CITY STORES INC,,,,N,A,R,20453,0,1,5521,17273730,,,,,,,,,,,,,,,,,,,,,,,,,14.500,15.450,15.450,158300.000,0.039704,15.350,15.600,25647.000,1.000,1.000,14.860,,0.039704,0.005,0.005,0.006,0.006,0.004
84577,2001/06/04,,11,1,5521,17273730,KMX,CIRCUIT CITY STORES INC,,,,N,A,R,20453,0,1,5521,17273730,,,,,,,,,,,,,,,,,,,,,,,,,15.500,16.850,16.600,325000.000,0.074434,16.520,16.600,25647.000,1.000,1.000,15.800,,0.074434,0.005,0.005,0.005,0.005,0.005
84577,2001/06/05,,11,1,5521,17273730,KMX,CIRCUIT CITY STORES INC,,,,N,A,R,20453,0,1,5521,17273730,,,,,,,,,,,,,,,,,,,,,,,,,16.400,17.500,16.450,346700.000,-0.009036,16.350,16.560,25647.000,1.000,1.000,16.950,,-0.009036,0.014,0.014,0.012,0.012,0.013
84577,2001/06/06,,11,1,5521,17273730,KMX,CIRCUIT CITY STORES INC,,,,N,A,R,20453,0,1,5521,17273730,,,,,,,,,,,,,,,,,,,,,,,,,14.300,16.450,15.080,643500.000,-0.083283,14.920,15.180,25647.000,1.000,1.000,16.450,,-0.083283,-0.009,-0.010,-0.003,-0.003,-0.011
84577,2001/06/07,,11,1,5521,17273730,KMX,CIRCUIT CITY STORES INC,,,,N,A,R,20453,0,1,5521,17273730,,,,,,,,,,,,,,,,,,,,,,,,,13.440,15.210,14.800,425600.000,-0.018568,14.500,14.910,25647.000,1.000,1.000,15.000,,-0.018568,0.005,0.005,0.005,0.005,0.005
84577,2001/06/08,,11,1,5521,17273730,KMX,CIRCUIT CITY STORES INC,,,,N,A,R,20453,0,1,5521,17273730,,,,,,,,,,,,,,,,,,,,,,,,,14.800,14.950,14.950,120900.000,0.010135,14.840,15.100,25647.000,1.000,1.000,14.850,,0.010135,-0.010,-0.010,-0.002,-0.002,-0.009
84577,2001/06/11,,11,1,5521,17273730,KMX,CIRCUIT CITY STORES INC,,,,N,A,R,20453,0,1,5521,17273730,,,,,,,,,,,,,,,,,,,,,,,,,14.000,15.150,14.750,209200.000,-0.013378,14.300,14.950,25647.000,1.000,1.000,14.950,,-0.013378,-0.010,-0.010,-0.006,-0.006,-0.008
84577,2001/06/12,,11,1,5521,17273730,KMX,CIRCUIT CITY STORES INC,,,,N,A,R,20453,0,1,5521,17273730,,,,,,,,,,,,,,,,,,,,,,,,,14.020,15.000,15.000,457300.000,0.016949,14.890,15.100,25647.000,1.000,1.000,14.400,,0.016949,0.000,0.000,-0.001,-0.001,0.001
84577,2001/06/13,,11,1,5521,17273730,KMX,CIRCUIT CITY STORES INC,,,,N,A,R,20453,0,1,5521,17273730,,,,,,,,,,,,,,,,,,,,,,,,,14.510,15.450,14.600,161700.000,-0.026667,14.450,14.850,25647.000,1.000,1.000,15.250,,-0.026667,-0.010,-0.010,-0.002,-0.003,-0.011
84577,2001/06/14,,11,1,5521,17273730,KMX,CIRCUIT CITY STORES INC,,,,N,A,R,20453,0,1,5521,17273730,,,,,,,,,,,,,,,,,,,,,,,,,13.900,15.000,14.010,259100.000,-0.040411,14.000,14.010,25647.000,1.000,1.000,14.400,,-0.040411,-0.019,-0.019,-0.015,-0.015,-0.018
84577,2001/06/15,,11,1,5521,17273730,KMX,CIRCUIT CITY STORES INC,,,,N,A,R,20453,0,1,5521,17273730,,,,,,,,,,,,,,,,,,,,,,,,,11.500,13.150,13.050,708000.000,-0.068522,12.900,13.150,25647.000,1.000,1.000,12.500,,-0.068522,-0.005,-0.005,-0.005,-0.005,-0.005
84577,2001/06/18,,11,1,5521,17273730,KMX,CIRCUIT CITY STORES INC,,,,N,A,R,20453,0,1,5521,17273730,,,,,,,,,,,,,,,,,,,,,,,,,12.500,12.900,12.900,194600.000,-0.011494,12.770,13.000,25647.000,1.000,1.000,12.750,,-0.011494,-0.007,-0.007,-0.013,-0.013,-0.005
84577,2001/06/19,,11,1,5521,17273730,KMX,CIRCUIT CITY STORES INC,,,,N,A,R,20453,0,1,5521,17273730,,,,,,,,,,,,,,,,,,,,,,,,,12.560,13.300,13.250,162200.000,0.027132,13.100,13.260,25647.000,1.000,1.000,12.700,,0.027132,0.002,0.002,-0.006,-0.006,0.003
84577,2001/06/20,,11,1,5521,17273730,KMX,CIRCUIT CITY STORES INC,,,,N,A,R,20453,0,1,5521,17273730,,,,,,,,,,,,,,,,,,,,,,,,,13.000,13.900,13.900,200000.000,0.049057,13.500,13.800,25647.000,1.000,1.000,13.350,,0.049057,0.010,0.010,0.001,0.001,0.009
84577,2001/06/21,,11,1,5521,17273730,KMX,CIRCUIT CITY STORES INC,,,,N,A,R,20453,0,1,5521,17273730,,,,,,,,,,,,,,,,,,,,,,,,,13.650,14.650,14.480,165300.000,0.041727,14.450,14.550,25647.000,1.000,1.000,13.800,,0.041727,0.010,0.010,0.004,0.004,0.011
84577,2001/06/22,,11,1,5521,17273730,KMX,CIRCUIT CITY STORES INC,,,,N,A,R,20453,0,1,5521,17273730,,,,,,,,,,,,,,,,,,,,,,,,,14.200,14.780,14.600,226700.000,0.008287,14.530,14.600,25647.000,1.000,1.000,14.400,,0.008287,-0.009,-0.009,-0.002,-0.003,-0.009
84577,2001/06/25,,11,1,5521,17273730,KMX,CIRCUIT CITY STORES INC,,,,N,A,R,20453,0,1,5521,17273730,,,,,,,,,,,,,,,,,,,,,,,,,14.520,15.200,14.900,255600.000,0.020548,14.800,15.050,25647.000,1.000,1.000,14.600,,0.020548,-0.005,-0.005,-0.000,-0.000,-0.006
84577,2001/06/26,,11,1,5521,17273730,KMX,CIRCUIT CITY STORES INC,,,,N,A,R,20453,0,1,5521,17273730,,,,,,,,,,,,,,,,,,,,,,,,,14.550,15.200,15.010,460800.000,0.007383,15.000,15.040,25647.000,1.000,1.000,14.700,,0.007383,-0.000,-0.000,0.005,0.005,-0.002
84577,2001/06/27,,11,1,5521,17273730,KMX,CIRCUIT CITY STORES INC,,,,N,A,R,20453,0,1,5521,17273730,,,,,,,,,,,,,,,,,,,,,,,,,14.730,14.970,14.970,132800.000,-0.002665,14.860,15.000,25647.000,1.000,1.000,14.900,,-0.002665,-0.002,-0.002,0.004,0.004,-0.005
84577,2001/06/28,,11,1,5521,17273730,KMX,CIRCUIT CITY STORES INC,,,,N,A,R,20453,0,1,5521,17273730,,,,,,,,,,,,,,,,,,,,,,,,,14.950,15.700,15.370,257900.000,0.026720,15.280,15.460,25647.000,1.000,1.000,14.970,,0.026720,0.013,0.013,0.008,0.008,0.012
84577,2001/06/29,,11,1,5521,17273730,KMX,CIRCUIT CITY STORES INC,,,,N,A,R,20453,0,1,5521,17273730,,,,,,,,0.000,,,,,,,,,,,,,,,,,15.270,16.030,15.960,1189900.000,0.038386,15.270,16.060,25647.000,1.000,1.000,15.620,,0.038386,0.004,0.004,0.019,0.019,-0.001
84577,2001/07/02,,11,1,5521,17273730,KMX,CIRCUIT CITY STORES INC,,,,N,A,R,20453,0,1,5521,17273730,,,,,,,,,,,,,,,,,,,,,,,,,15.700,16.500,16.100,232700.000,0.008772,16.010,16.200,25647.000,1.000,1.000,15.900,,0.008772,0.005,0.005,-0.006,-0.006,0.010
84577,2001/07/03,,11,1,5521,17273730,KMX,CIRCUIT CITY STORES INC,,,,N,A,R,20453,0,1,5521,17273730,,,,,,,,,,,,,,,,,,,,,,,,,16.050,16.750,16.500,42300.000,0.024845,16.450,16.600,25647.000,1.000,1.000,16.150,,0.024845,-0.002,-0.002,-0.000,-0.000,-0.002
84577,2001/07/05,,11,1,5521,17273730,KMX,CIRCUIT CITY STORES INC,,,,N,A,R,20453,0,1,5521,17273730,,,,,,,,,,,,,,,,,,,,,,,,,15.900,16.630,16.550,108400.000,0.003030,16.400,16.740,25647.000,1.000,1.000,16.350,,0.003030,-0.012,-0.012,-0.007,-0.007,-0.012
84577,2001/07/06,,11,1,5521,17273730,KMX,CIRCUIT CITY STORES INC,,,,N,A,R,20453,0,1,5521,17273730,,,,,,,,,,,,,,,,,,,,,,,,,15.700,16.600,15.700,92800.000,-0.051359,15.700,15.740,25647.000,1.000,1.000,16.500,,-0.051359,-0.022,-0.022,-0.012,-0.012,-0.023
84577,2001/07/09,,11,1,5521,17273730,KMX,CIRCUIT CITY STORES INC,,,,N,A,R,20453,0,1,5521,17273730,,,,,,,,,,,,,,,,,,,,,,,,,15.650,16.300,16.300,144400.000,0.038217,16.170,16.500,25647.000,1.000,1.000,15.750,,0.038217,0.006,0.006,0.002,0.002,0.007
84577,2001/07/10,,11,1,5521,17273730,KMX,CIRCUIT CITY STORES INC,,,,N,A,R,20453,0,1,5521,17273730,,,,,,,,,,,,,,,,,,,,,,,,,15.600,16.220,15.700,92300.000,-0.036810,15.600,15.810,25647.000,1.000,1.000,16.220,,-0.036810,-0.014,-0.014,-0.009,-0.009,-0.014
84577,2001/07/11,,11,1,5521,17273730,KMX,CIRCUIT CITY STORES INC,,,,N,A,R,20453,0,1,5521,17273730,,,,,,,,,,,,,,,,,,,,,,,,,14.700,15.655,15.400,241300.000,-0.019108,15.300,15.390,25647.000,1.000,1.000,15.650,,-0.019108,-0.002,-0.002,-0.005,-0.006,-0.001
84577,2001/07/12,,11,1,5521,17273730,KMX,CIRCUIT CITY STORES INC,,,,N,A,R,20453,0,1,5521,17273730,,,,,,,,,,,,,,,,,,,,,,,,,15.290,15.580,15.510,122800.000,0.007143,15.400,15.610,25647.000,1.000,1.000,15.300,,0.007143,0.024,0.024,0.015,0.015,0.024
84577,2001/07/13,,11,1,5521,17273730,KMX,CIRCUIT CITY STORES INC,,,,N,A,R,20453,0,1,5521,17273730,,,,,,,,,,,,,,,,,,,,,,,,,15.320,15.890,15.700,451100.000,0.012250,15.500,15.840,25647.000,1.000,1.000,15.540,,0.012250,0.005,0.005,0.004,0.004,0.006
84577,2001/07/16,,11,1,5521,17273730,KMX,CIRCUIT CITY STORES INC,,,,N,A,R,20453,0,1,5521,17273730,,,,,,,,,,,,,,,,,,,,,,,,,15.360,15.900,15.880,146900.000,0.011465,15.770,15.900,25647.000,1.000,1.000,15.600,,0.011465,-0.012,-0.012,-0.007,-0.007,-0.011
84577,2001/07/17,,11,1,5521,17273730,KMX,CIRCUIT CITY STORES INC,,,,N,A,R,20453,0,1,5521,17273730,,,,,,,,,,,,,,,,,,,,,,,,,15.870,17.780,17.010,540700.000,0.071159,16.700,17.110,25647.000,1.000,1.000,15.880,,0.071159,0.011,0.011,0.005,0.005,0.010
84577,2001/07/18,,11,1,5521,17273730,KMX,CIRCUIT CITY STORES INC,,,,N,A,R,20453,0,1,5521,17273730,,,,,,,,,,,,,,,,,,,,,,,,,17.460,20.500,19.530,1171000.000,0.148148,19.400,19.850,25647.000,1.000,1.000,17.480,,0.148148,-0.007,-0.007,-0.008,-0.008,-0.006
84577,2001/07/19,,11,1,5521,17273730,KMX,CIRCUIT CITY STORES INC,,,,N,A,R,20453,0,1,5521,17273730,,,,,,,,,,,,,,,,,,,,,,,,,18.600,19.390,18.890,468300.000,-0.032770,18.850,18.900,25647.000,1.000,1.000,19.300,,-0.032770,0.005,0.005,0.005,0.005,0.006
84577,2001/07/20,,11,1,5521,17273730,KMX,CIRCUIT CITY STORES INC,,,,N,A,R,20453,0,1,5521,17273730,,,,,,,,,,,,,,,,,,,,,,,,,18.300,18.810,18.520,119000.000,-0.019587,18.400,18.620,25647.000,1.000,1.000,18.300,,-0.019587,-0.003,-0.003,0.000,0.000,-0.003
84577,2001/07/23,,11,1,5521,17273730,KMX,CIRCUIT CITY STORES INC,,,,N,A,R,20453,0,1,5521,17273730,,,,,,,,,,,,,,,,,,,,,,,,,17.850,18.800,18.120,409300.000,-0.021598,18.000,18.220,25647.000,1.000,1.000,18.500,,-0.021598,-0.015,-0.015,-0.006,-0.006,-0.016
84577,2001/07/24,,11,1,5521,17273730,KMX,CIRCUIT CITY STORES INC,,,,N,A,R,20453,0,1,5521,17273730,,,,,,,,,,,,,,,,,,,,,,,,,16.850,18.200,17.250,506100.000,-0.048013,17.140,17.350,25647.000,1.000,1.000,18.200,,-0.048013,-0.016,-0.016,-0.011,-0.012,-0.016
84577,2001/07/25,,11,1,5521,17273730,KMX,CIRCUIT CITY STORES INC,,,,N,A,R,20453,0,1,5521,17273730,,,,,,,,,,,,,,,,,,,,,,,,,16.310,17.300,16.500,431300.000,-0.043478,16.200,16.610,25647.000,1.000,1.000,17.050,,-0.043478,0.014,0.014,0.003,0.003,0.016
84577,2001/07/26,,11,1,5521,17273730,KMX,CIRCUIT CITY STORES INC,,,,N,A,R,20453,0,1,5521,17273730,,,,,,,,,,,,,,,,,,,,,,,,,15.400,16.500,15.500,4026600.000,-0.060606,15.400,15.610,25647.000,1.000,1.000,16.050,,-0.060606,0.012,0.011,0.008,0.008,0.010
84577,2001/07/27,,11,1,5521,17273730,KMX,CIRCUIT CITY STORES INC,,,,N,A,R,20453,0,1,5521,17273730,,,,,,,,,,,,,,,,,,,,,,,,,15.520,15.900,15.600,369400.000,0.006452,15.600,15.610,25647.000,1.000,1.000,15.550,,0.006452,0.003,0.003,0.004,0.003,0.002
84577,2001/07/30,,11,1,5521,17273730,KMX,CIRCUIT CITY STORES INC,,,,N,A,R,20453,0,1,5521,17273730,,,,,,,,,,,,,,,,,,,,,,,,,14.340,15.840,15.420,1140000.000,-0.011538,15.400,15.450,25647.000,1.000,1.000,15.750,,-0.011538,-0.001,-0.001,-0.001,-0.001,-0.001
84577,2001/07/31,,11,1,5521,17273730,KMX,CIRCUIT CITY STORES INC,,,,N,A,R,20453,0,1,5521,17273730,,,,,,,,0.000,,,,,,,,,,,,,,,,,15.000,15.800,15.760,590800.000,0.022049,15.600,15.890,26644.000,1.000,1.000,15.430,,0.022049,0.005,0.005,0.003,0.003,0.006
84577,2001/08/01,,11,1,5521,17273730,KMX,CIRCUIT CITY STORES INC,,,,N,A,R,20453,0,1,5521,17273730,,,,,,,,,,,,,,,,,,,,,,,,,15.750,16.340,16.060,1196300.000,0.019035,15.950,16.160,26644.000,1.000,1.000,16.050,,0.019035,0.005,0.005,0.006,0.006,0.004
84577,2001/08/02,,11,1,5521,17273730,KMX,CIRCUIT CITY STORES INC,,,,N,A,R,20453,0,1,5521,17273730,,,,,,,,,,,,,,,,,,,,,,,,,16.020,17.200,17.100,1188200.000,0.064757,16.970,17.300,26644.000,1.000,1.000,16.200,,0.064757,0.003,0.003,0.003,0.002,0.004
84577,2001/08/03,,11,1,5521,17273730,KMX,CIRCUIT CITY STORES INC,,,,N,A,R,20453,0,1,5521,17273730,,,,,,,,,,,,,,,,,,,,,,,,,17.050,18.090,17.760,900100.000,0.038596,17.650,17.940,26644.000,1.000,1.000,17.110,,0.038596,-0.005,-0.005,0.001,0.000,-0.005
84577,2001/08/06,,11,1,5521,17273730,KMX,CIRCUIT CITY STORES INC,,,,N,A,R,20453,0,1,5521,17273730,,,,,,,,,,,,,,,,,,,,,,,,,17.150,17.900,17.750,291100.000,-0.000563,17.600,17.910,26644.000,1.000,1.000,17.550,,-0.000563,-0.011,-0.011,-0.006,-0.006,-0.011
84577,2001/08/07,,11,1,5521,17273730,KMX,CIRCUIT CITY STORES INC,,,,N,A,R,20453,0,1,5521,17273730,,,,,,,,,,,,,,,,,,,,,,,,,17.300,17.800,17.300,320900.000,-0.025352,17.150,17.500,26644.000,1.000,1.000,17.700,,-0.025352,0.002,0.002,-0.000,-0.000,0.003
84577,2001/08/08,,11,1,5521,17273730,KMX,CIRCUIT CITY STORES INC,,,,N,A,R,20453,0,1,5521,17273730,,,,,,,,,,,,,,,,,,,,,,,,,16.610,17.590,16.650,305600.000,-0.037572,16.510,16.850,26644.000,1.000,1.000,17.450,,-0.037572,-0.017,-0.017,-0.010,-0.010,-0.017
84577,2001/08/09,,11,1,5521,17273730,KMX,CIRCUIT CITY STORES INC,,,,N,A,R,20453,0,1,5521,17273730,,,,,,,,,,,,,,,,,,,,,,,,,14.600,16.600,15.330,960900.000,-0.079279,15.150,15.330,26644.000,1.000,1.000,16.600,,-0.079279,-0.000,-0.000,-0.001,-0.001,-0.000
84577,2001/08/10,,11,1,5521,17273730,KMX,CIRCUIT CITY STORES INC,,,,N,A,R,20453,0,1,5521,17273730,,,,,,,,,,,,,,,,,,,,,,,,,15.100,16.100,15.900,332800.000,0.037182,15.800,15.900,26644.000,1.000,1.000,15.330,,0.037182,0.004,0.004,0.001,0.001,0.006
84577,2001/08/13,,11,1,5521,17273730,KMX,CIRCUIT CITY STORES INC,,,,N,A,R,20453,0,1,5521,17273730,,,,,,,,,,,,,,,,,,,,,,,,,15.500,16.400,16.020,280900.000,0.007547,15.900,16.200,26644.000,1.000,1.000,15.950,,0.007547,0.002,0.002,0.003,0.002,0.001
84577,2001/08/14,,11,1,5521,17273730,KMX,CIRCUIT CITY STORES INC,,,,N,A,R,20453,0,1,5521,17273730,,,,,,,,,,,,,,,,,,,,,,,,,16.020,16.700,16.530,432600.000,0.031835,16.430,16.640,26644.000,1.000,1.000,16.020,,0.031835,-0.002,-0.002,0.002,0.002,-0.004
84577,2001/08/15,,11,1,5521,17273730,KMX,CIRCUIT CITY STORES INC,,,,N,A,R,20453,0,1,5521,17273730,,,,,,,,,,,,,,,,,,,,,,,,,16.400,17.100,17.090,395500.000,0.033878,16.960,17.200,26644.000,1.000,1.000,16.950,,0.033878,-0.007,-0.007,-0.005,-0.005,-0.007
84577,2001/08/16,,11,1,5521,17273730,KMX,CIRCUIT CITY STORES INC,,,,N,A,R,20453,0,1,5521,17273730,,,,,,,,,,,,,,,,,,,,,,,,,16.200,16.990,16.950,292400.000,-0.008192,16.890,16.950,26644.000,1.000,1.000,16.850,,-0.008192,0.002,0.002,-0.002,-0.002,0.003
84577,2001/08/17,,11,1,5521,17273730,KMX,CIRCUIT CITY STORES INC,,,,N,A,R,20453,0,1,5521,17273730,,,,,,,,,,,,,,,,,,,,,,,,,15.320,16.700,15.380,290000.000,-0.092625,15.340,15.400,26644.000,1.000,1.000,16.700,,-0.092625,-0.016,-0.016,-0.007,-0.007,-0.017
84577,2001/08/20,,11,1,5521,17273730,KMX,CIRCUIT CITY STORES INC,,,,N,A,R,20453,0,1,5521,17273730,,,,,,,,,,,,,,,,,,,,,,,,,15.000,16.350,16.260,315700.000,0.057217,16.180,16.260,26644.000,1.000,1.000,15.150,,0.057217,0.007,0.007,-0.000,-0.000,0.008
84577,2001/08/21,,11,1,5521,17273730,KMX,CIRCUIT CITY STORES INC,,,,N,A,R,20453,0,1,5521,17273730,,,,,,,,,,,,,,,,,,,,,,,,,15.900,16.500,16.250,535500.000,-0.000615,16.250,16.260,26644.000,1.000,1.000,16.300,,-0.000615,-0.011,-0.011,-0.008,-0.008,-0.012
84577,2001/08/22,,11,1,5521,17273730,KMX,CIRCUIT CITY STORES INC,,,,N,A,R,20453,0,1,5521,17273730,,,,,,,,,,,,,,,,,,,,,,,,,16.280,16.520,16.510,549600.000,0.016000,16.390,16.620,26644.000,1.000,1.000,16.300,,0.016000,0.007,0.007,0.004,0.004,0.007
84577,2001/08/23,,11,1,5521,17273730,KMX,CIRCUIT CITY STORES INC,,,,N,A,R,20453,0,1,5521,17273730,,,,,,,,,,,,,,,,,,,,,,,,,15.750,17.200,15.980,227800.000,-0.032102,15.900,16.000,26644.000,1.000,1.000,16.400,,-0.032102,-0.003,-0.003,-0.004,-0.004,-0.003
84577,2001/08/24,,11,1,5521,17273730,KMX,CIRCUIT CITY STORES INC,,,,N,A,R,20453,0,1,5521,17273730,,,,,,,,2.000,,,,,,,,,,,,,,,,,14.770,15.990,15.270,1106400.000,-0.044430,15.110,15.370,26644.000,1.000,1.000,15.850,,-0.044430,0.018,0.018,0.011,0.011,0.020
84577,2001/08/27,,11,1,5521,17273730,KMX,CIRCUIT CITY STORES INC,,,,N,A,R,20453,0,1,5521,17273730,,,,,,,,,,,,,,,,,,,,,,,,,14.900,15.270,14.950,174700.000,-0.020956,14.850,15.060,26644.000,1.000,1.000,15.270,,-0.020956,-0.004,-0.004,-0.002,-0.002,-0.005
84577,2001/08/28,,11,1,5521,17273730,KMX,CIRCUIT CITY STORES INC,,,,N,A,R,20453,0,1,5521,17273730,,,,,,,,,,,,,,,,,,,,,,,,,13.300,15.000,13.600,1082500.000,-0.090301,13.510,13.690,26644.000,1.000,1.000,14.930,,-0.090301,-0.014,-0.014,-0.007,-0.007,-0.015
84577,2001/08/29,,11,1,5521,17273730,KMX,CIRCUIT CITY STORES INC,,,,N,A,R,20453,0,1,5521,17273730,,,,,,,,,,,,,,,,,,,,,,,,,13.590,14.240,13.750,421700.000,0.011029,13.730,13.750,26644.000,1.000,1.000,14.100,,0.011029,-0.010,-0.010,-0.003,-0.003,-0.011
84577,2001/08/30,,11,1,5521,17273730,KMX,CIRCUIT CITY STORES INC,,,,N,A,R,20453,0,1,5521,17273730,,,,,,,,,,,,,,,,,,,,,,,,,13.500,14.490,14.410,355000.000,0.048000,14.200,14.510,26644.000,1.000,1.000,14.050,,0.048000,-0.016,-0.016,-0.009,-0.009,-0.017
84577,2001/08/31,,11,1,5521,17273730,KMX,CIRCUIT CITY STORES INC,,,,N,A,R,20453,0,1,5521,17273730,,,,,,,,0.000,,,,,,,,,,,,,,,,,14.160,15.100,14.880,210300.000,0.032616,14.780,15.000,26644.000,1.000,1.000,14.450,,0.032616,0.004,0.004,0.006,0.006,0.004
84577,2001/09/04,,11,1,5521,17273730,KMX,CIRCUIT CITY STORES INC,,,,N,A,R,20453,0,1,5521,17273730,,,,,,,,,,,,,,,,,,,,,,,,,13.900,15.230,14.300,300400.000,-0.038978,14.150,14.450,26644.000,1.000,1.000,14.800,,-0.038978,-0.002,-0.002,-0.006,-0.006,-0.001
84577,2001/09/05,,11,1,5521,17273730,KMX,CIRCUIT CITY STORES INC,,,,N,A,R,20453,0,1,5521,17273730,,,,,,,,,,,,,,,,,,,,,,,,,13.700,14.730,13.780,258800.000,-0.036364,13.710,13.790,26644.000,1.000,1.000,14.050,,-0.036364,-0.003,-0.003,-0.009,-0.009,-0.001
84577,2001/09/06,,11,1,5521,17273730,KMX,CIRCUIT CITY STORES INC,,,,N,A,R,20453,0,1,5521,17273730,,,,,,,,,,,,,,,,,,,,,,,,,13.800,14.250,13.950,406500.000,0.012337,13.920,14.000,26644.000,1.000,1.000,13.800,,0.012337,-0.021,-0.021,-0.014,-0.014,-0.022
84577,2001/09/07,,11,1,5521,17273730,KMX,CIRCUIT CITY STORES INC,,,,N,A,R,20453,0,1,5521,17273730,,,,,,,,,,,,,,,,,,,,,,,,,13.500,14.150,13.500,211700.000,-0.032258,13.500,13.700,26644.000,1.000,1.000,14.000,,-0.032258,-0.018,-0.018,-0.012,-0.012,-0.019
84577,2001/09/10,,11,1,5521,17273730,KMX,CIRCUIT CITY STORES INC,,,,N,A,R,20453,0,1,5521,17273730,,,,,,,,,,,,,,,,,,,,,,,,,12.400,13.250,12.500,620600.000,-0.074074,12.300,12.600,26644.000,1.000,1.000,13.250,,-0.074074,0.004,0.004,-0.007,-0.007,0.006
84577,2001/09/17,,11,1,5521,17273730,KMX,CIRCUIT CITY STORES INC,,,,N,A,R,20453,0,1,5521,17273730,,,,,,,,,,,,,,,,,,,,,,,,,9.700,11.300,10.250,1505800.000,-0.180000,10.100,10.380,26644.000,1.000,1.000,10.000,,-0.180000,-0.051,-0.051,-0.042,-0.043,-0.049
84577,2001/09/18,,11,1,5521,17273730,KMX,CIRCUIT CITY STORES INC,,,,N,A,R,20453,0,1,5521,17273730,,,,,,,,,,,,,,,,,,,,,,,,,9.650,10.150,9.950,1170500.000,-0.029268,9.730,10.050,26644.000,1.000,1.000,10.000,,-0.029268,-0.008,-0.008,-0.010,-0.010,-0.006
84577,2001/09/19,,11,1,5521,17273730,KMX,CIRCUIT CITY STORES INC,,,,N,A,R,20453,0,1,5521,17273730,,,,,,,,,,,,,,,,,,,,,,,,,9.900,10.800,10.380,1206600.000,0.043216,10.300,10.400,26644.000,1.000,1.000,9.900,,0.043216,-0.017,-0.017,-0.024,-0.024,-0.016
84577,2001/09/20,,11,1,5521,17273730,KMX,CIRCUIT CITY STORES INC,,,,N,A,R,20453,0,1,5521,17273730,,,,,,,,,,,,,,,,,,,,,,,,,10.380,10.800,10.550,995700.000,0.016378,10.400,10.770,26644.000,1.000,1.000,10.380,,0.016378,-0.031,-0.031,-0.033,-0.033,-0.031
84577,2001/09/21,,11,1,5521,17273730,KMX,CIRCUIT CITY STORES INC,,,,N,A,R,20453,0,1,5521,17273730,,,,,,,,,,,,,,,,,,,,,,,,,9.200,10.150,9.600,852200.000,-0.090047,9.500,9.600,26644.000,1.000,1.000,10.100,,-0.090047,-0.019,-0.019,-0.020,-0.020,-0.019
84577,2001/09/24,,11,1,5521,17273730,KMX,CIRCUIT CITY STORES INC,,,,N,A,R,20453,0,1,5521,17273730,,,,,,,,,,,,,,,,,,,,,,,,,9.700,11.100,11.010,379600.000,0.146875,10.900,11.110,26644.000,1.000,1.000,9.700,,0.146875,0.038,0.038,0.033,0.033,0.039
84577,2001/09/25,,11,1,5521,17273730,KMX,CIRCUIT CITY STORES INC,,,,N,A,R,20453,0,1,5521,17273730,,,,,,,,,,,,,,,,,,,,,,,,,10.250,11.300,10.360,599500.000,-0.059037,10.200,10.460,26644.000,1.000,1.000,11.100,,-0.059037,0.008,0.008,0.004,0.004,0.009
84577,2001/09/26,,11,1,5521,17273730,KMX,CIRCUIT CITY STORES INC,,,,N,A,R,20453,0,1,5521,17273730,,,,,,,,,,,,,,,,,,,,,,,,,9.750,10.300,10.000,361800.000,-0.034749,9.850,10.200,26644.000,1.000,1.000,10.290,,-0.034749,-0.006,-0.006,-0.010,-0.010,-0.005
84577,2001/09/27,,11,1,5521,17273730,KMX,CIRCUIT CITY STORES INC,,,,N,A,R,20453,0,1,5521,17273730,,,,,,,,,,,,,,,,,,,,,,,,,9.300,10.150,9.530,1000100.000,-0.047000,9.490,9.550,26644.000,1.000,1.000,10.100,,-0.047000,0.011,0.011,-0.001,-0.001,0.011
84577,2001/09/28,,11,1,5521,17273730,KMX,CIRCUIT CITY STORES INC,,,,N,A,R,20453,0,1,5521,17273730,,,,,,,,0.000,,,,,,,,,,,,,,,,,10.650,11.400,11.250,709300.000,0.180483,11.000,11.060,26644.000,1.000,1.000,10.900,,0.180483,0.023,0.023,0.025,0.025,0.022
84577,2001/10/01,,11,1,5521,17273730,KMX,CIRCUIT CITY STORES INC,,,,N,A,R,20453,0,1,5521,17273730,,,,,,,,,,,,,,,,,,,,,,,,,10.710,12.200,11.900,413500.000,0.057778,11.800,11.950,26644.000,1.000,1.000,11.280,,0.057778,-0.004,-0.004,-0.010,-0.010,-0.002
84577,2001/10/02,,11,1,5521,17273730,KMX,CIRCUIT CITY STORES INC,,,,N,A,R,20453,0,1,5521,17273730,,,,,,,,,,,,,,,,,,,,,,,,,12.000,12.920,12.400,380500.000,0.042017,12.300,12.500,26644.000,1.000,1.000,12.000,,0.042017,0.012,0.012,0.007,0.007,0.012
84577,2001/10/03,,11,1,5521,17273730,KMX,CIRCUIT CITY STORES INC,,,,N,A,R,20453,0,1,5521,17273730,,,,,,,,,,,,,,,,,,,,,,,,,12.200,14.900,14.260,520900.000,0.150000,14.150,14.360,26644.000,1.000,1.000,12.300,,0.150000,0.022,0.022,0.021,0.021,0.020
84577,2001/10/04,,11,1,5521,17273730,KMX,CIRCUIT CITY STORES INC,,,,N,A,R,20453,0,1,5521,17273730,,,,,,,,,,,,,,,,,,,,,,,,,14.260,14.800,14.490,572000.000,0.016129,14.370,14.590,26644.000,1.000,1.000,14.260,,0.016129,-0.000,-0.000,0.011,0.011,-0.002
84577,2001/10/05,,11,1,5521,17273730,KMX,CIRCUIT CITY STORES INC,,,,N,A,R,20453,0,1,5521,17273730,,,,,,,,,,,,,,,,,,,,,,,,,14.400,15.150,15.150,587700.000,0.045549,14.910,15.250,26644.000,1.000,1.000,14.450,,0.045549,0.000,0.000,0.001,0.000,0.002
84577,2001/10/08,,11,1,5521,17273730,KMX,CIRCUIT CITY STORES INC,,,,N,A,R,20453,0,1,5521,17273730,,,,,,,,,,,,,,,,,,,,,,,,,14.800,15.300,14.920,340500.000,-0.015181,14.810,15.020,26644.000,1.000,1.000,14.900,,-0.015181,-0.008,-0.008,-0.002,-0.002,-0.008
84577,2001/10/09,,11,1,5521,17273730,KMX,CIRCUIT CITY STORES INC,,,,N,A,R,20453,0,1,5521,17273730,,,,,,,,,,,,,,,,,,,,,,,,,14.400,14.950,14.850,78200.000,-0.004692,14.740,14.950,26644.000,1.000,1.000,14.820,,-0.004692,-0.005,-0.005,-0.004,-0.004,-0.005
84577,2001/10/10,,11,1,5521,17273730,KMX,CIRCUIT CITY STORES INC,,,,N,A,R,20453,0,1,5521,17273730,,,,,,,,,,,,,,,,,,,,,,,,,14.400,15.500,15.490,242700.000,0.043098,15.230,15.550,26644.000,1.000,1.000,14.850,,0.043098,0.023,0.023,0.019,0.019,0.023
84577,2001/10/11,,11,1,5521,17273730,KMX,CIRCUIT CITY STORES INC,,,,N,A,R,20453,0,1,5521,17273730,,,,,,,,,,,,,,,,,,,,,,,,,15.410,16.150,15.690,350100.000,0.012912,15.400,15.800,26644.000,1.000,1.000,15.490,,0.012912,0.017,0.017,0.019,0.019,0.015
84577,2001/10/12,,11,1,5521,17273730,KMX,CIRCUIT CITY STORES INC,,,,N,A,R,20453,0,1,5521,17273730,,,,,,,,,,,,,,,,,,,,,,,,,15.060,16.300,15.990,541400.000,0.019120,15.820,15.990,26644.000,1.000,1.000,15.900,,0.019120,-0.005,-0.005,0.000,0.000,-0.005
84577,2001/10/15,,11,1,5521,17273730,KMX,CIRCUIT CITY STORES INC,,,,N,A,R,20453,0,1,5521,17273730,,,,,,,,,,,,,,,,,,,,,,,,,15.950,16.350,16.200,174500.000,0.013133,16.010,16.300,26644.000,1.000,1.000,16.050,,0.013133,-0.001,-0.001,0.003,0.003,-0.002
84577,2001/10/16,,11,1,5521,17273730,KMX,CIRCUIT CITY STORES INC,,,,N,A,R,20453,0,1,5521,17273730,,,,,,,,,,,,,,,,,,,,,,,,,15.980,16.300,16.070,223300.000,-0.008025,16.030,16.170,26644.000,1.000,1.000,16.050,,-0.008025,0.008,0.008,0.011,0.011,0.007
84577,2001/10/17,,11,1,5521,17273730,KMX,CIRCUIT CITY STORES INC,,,,N,A,R,20453,0,1,5521,17273730,,,,,,,,,,,,,,,,,,,,,,,,,15.470,16.360,16.010,355100.000,-0.003734,15.900,16.110,26644.000,1.000,1.000,16.320,,-0.003734,-0.019,-0.019,-0.006,-0.006,-0.019
84577,2001/10/18,,11,1,5521,17273730,KMX,CIRCUIT CITY STORES INC,,,,N,A,R,20453,0,1,5521,17273730,,,,,,,,,,,,,,,,,,,,,,,,,16.230,17.300,17.280,632300.000,0.079325,17.260,17.270,26644.000,1.000,1.000,16.500,,0.079325,-0.007,-0.007,-0.005,-0.005,-0.008
84577,2001/10/19,,11,1,5521,17273730,KMX,CIRCUIT CITY STORES INC,,,,N,A,R,20453,0,1,5521,17273730,,,,,,,,,,,,,,,,,,,,,,,,,17.270,18.300,18.060,707200.000,0.045139,17.960,18.170,26644.000,1.000,1.000,17.270,,0.045139,0.005,0.005,0.005,0.005,0.005
84577,2001/10/22,,11,1,5521,17273730,KMX,CIRCUIT CITY STORES INC,,,,N,A,R,20453,0,1,5521,17273730,,,,,,,,,,,,,,,,,,,,,,,,,17.820,18.200,18.060,364200.000,0.000000,18.060,18.070,26644.000,1.000,1.000,17.900,,0.000000,0.015,0.015,0.008,0.008,0.015
84577,2001/10/23,,11,1,5521,17273730,KMX,CIRCUIT CITY STORES INC,,,,N,A,R,20453,0,1,5521,17273730,,,,,,,,,,,,,,,,,,,,,,,,,18.060,18.310,18.100,383300.000,0.002215,17.960,18.200,26644.000,1.000,1.000,18.060,,0.002215,-0.004,-0.004,0.000,0.000,-0.005
84577,2001/10/24,,11,1,5521,17273730,KMX,CIRCUIT CITY STORES INC,,,,N,A,R,20453,0,1,5521,17273730,,,,,,,,,,,,,,,,,,,,,,,,,17.410,18.120,17.600,260800.000,-0.027624,17.570,17.700,26644.000,1.000,1.000,18.100,,-0.027624,0.001,0.001,0.004,0.004,0.000
84577,2001/10/25,,11,1,5521,17273730,KMX,CIRCUIT CITY STORES INC,,,,N,A,R,20453,0,1,5521,17273730,,,,,,,,,,,,,,,,,,,,,,,,,16.100,17.440,17.360,617600.000,-0.013636,17.240,17.460,26644.000,1.000,1.000,17.350,,-0.013636,0.014,0.014,0.011,0.011,0.014
84577,2001/10/26,,11,1,5521,17273730,KMX,CIRCUIT CITY STORES INC,,,,N,A,R,20453,0,1,5521,17273730,,,,,,,,,,,,,,,,,,,,,,,,,17.500,18.400,18.080,383300.000,0.041475,17.850,18.180,26644.000,1.000,1.000,17.500,,0.041475,0.004,0.004,0.007,0.007,0.004
84577,2001/10/29,,11,1,5521,17273730,KMX,CIRCUIT CITY STORES INC,,,,N,A,R,20453,0,1,5521,17273730,,,,,,,,,,,,,,,,,,,,,,,,,16.850,18.080,16.900,683600.000,-0.065266,16.750,17.000,26644.000,1.000,1.000,18.080,,-0.065266,-0.023,-0.023,-0.009,-0.009,-0.024
84577,2001/10/30,,11,1,5521,17273730,KMX,CIRCUIT CITY STORES INC,,,,N,A,R,20453,0,1,5521,17273730,,,,,,,,,,,,,,,,,,,,,,,,,16.120,17.780,17.480,384300.000,0.034320,17.210,17.580,26644.000,1.000,1.000,17.000,,0.034320,-0.017,-0.017,-0.011,-0.012,-0.017
84577,2001/10/31,,11,1,5521,17273730,KMX,CIRCUIT CITY STORES INC,,,,N,A,R,20453,0,1,5521,17273730,,,,,,,,0.000,,,,,,,,,,,,,,,,,17.720,18.650,18.300,355200.000,0.046911,18.100,18.200,36272.000,1.000,1.000,17.730,,0.046911,0.002,0.002,0.011,0.011,-0.000
84577,2001/11/01,,11,1,5521,17273730,KMX,CIRCUIT CITY STORES INC,,,,N,A,R,20453,0,1,5521,17273730,,,,,,,,,,,,,,,,,,,,,,,,,17.450,19.250,19.250,370200.000,0.051913,18.700,19.000,36272.000,1.000,1.000,18.050,,0.051913,0.021,0.021,0.009,0.009,0.023
84577,2001/11/02,,11,1,5521,17273730,KMX,CIRCUIT CITY STORES INC,,,,N,A,R,20453,0,1,5521,17273730,,,,,,,,,,,,,,,,,,,,,,,,,17.900,19.000,18.600,332600.000,-0.033766,18.500,18.710,36272.000,1.000,1.000,19.000,,-0.033766,0.002,0.002,-0.001,-0.001,0.003
84577,2001/11/05,,11,1,5521,17273730,KMX,CIRCUIT CITY STORES INC,,,,N,A,R,20453,0,1,5521,17273730,,,,,,,,,,,,,,,,,,,,,,,,,18.550,19.200,18.860,226400.000,0.013979,18.750,19.000,36272.000,1.000,1.000,19.100,,0.013979,0.014,0.014,0.008,0.008,0.014
84577,2001/11/06,,11,1,5521,17273730,KMX,CIRCUIT CITY STORES INC,,,,N,A,R,20453,0,1,5521,17273730,,,,,,,,,,,,,,,,,,,,,,,,,18.780,20.100,19.990,317400.000,0.059915,19.830,20.090,36272.000,1.000,1.000,18.950,,0.059915,0.014,0.014,0.007,0.007,0.015
84577,2001/11/07,,11,1,5521,17273730,KMX,CIRCUIT CITY STORES INC,,,,N,A,R,20453,0,1,5521,17273730,,,,,,,,,,,,,,,,,,,,,,,,,19.700,20.490,19.900,361200.000,-0.004502,19.680,20.100,36272.000,1.000,1.000,19.990,,-0.004502,-0.002,-0.002,0.001,0.001,-0.003
84577,2001/11/08,,11,1,5521,17273730,KMX,CIRCUIT CITY STORES INC,,,,N,A,R,20453,0,1,5521,17273730,,,,,,,,,,,,,,,,,,,,,,,,,18.210,20.100,18.490,277600.000,-0.070854,18.360,18.560,36272.000,1.000,1.000,19.900,,-0.070854,0.001,0.001,0.003,0.003,0.002
84577,2001/11/09,,11,1,5521,17273730,KMX,CIRCUIT CITY STORES INC,,,,N,A,R,20453,0,1,5521,17273730,,,,,,,,,,,,,,,,,,,,,,,,,18.480,19.190,18.690,179400.000,0.010817,18.580,18.840,36272.000,1.000,1.000,18.490,,0.010817,0.001,0.001,0.003,0.003,0.002
84577,2001/11/12,,11,1,5521,17273730,KMX,CIRCUIT CITY STORES INC,,,,N,A,R,20453,0,1,5521,17273730,,,,,,,,,,,,,,,,,,,,,,,,,18.200,19.480,19.200,81200.000,0.027287,19.000,19.300,36272.000,1.000,1.000,18.500,,0.027287,-0.001,-0.001,0.001,0.001,-0.002
84577,2001/11/13,,11,1,5521,17273730,KMX,CIRCUIT CITY STORES INC,,,,N,A,R,20453,0,1,5521,17273730,,,,,,,,,,,,,,,,,,,,,,,,,18.800,19.200,19.000,347700.000,-0.010417,18.850,19.100,36272.000,1.000,1.000,19.200,,-0.010417,0.019,0.018,0.014,0.014,0.019
84577,2001/11/14,,11,1,5521,17273730,KMX,CIRCUIT CITY STORES INC,,,,N,A,R,20453,0,1,5521,17273730,,,,,,,,,,,,,,,,,,,,,,,,,19.360,19.800,19.500,564500.000,0.026316,19.370,19.600,36272.000,1.000,1.000,19.500,,0.026316,0.003,0.003,0.008,0.007,0.002
84577,2001/11/15,,11,1,5521,17273730,KMX,CIRCUIT CITY STORES INC,,,,N,A,R,20453,0,1,5521,17273730,,,,,,,,,,,,,,,,,,,,,,,,,19.350,19.550,19.450,314200.000,-0.002564,19.270,19.600,36272.000,1.000,1.000,19.400,,-0.002564,0.000,0.000,0.000,0.000,0.001
84577,2001/11/16,,11,1,5521,17273730,KMX,CIRCUIT CITY STORES INC,,,,N,A,R,20453,0,1,5521,17273730,,,,,,,,,,,,,,,,,,,,,,,,,18.000,19.400,18.570,315400.000,-0.045244,18.300,18.600,36272.000,1.000,1.000,19.400,,-0.045244,-0.002,-0.002,0.006,0.006,-0.003
84577,2001/11/19,,11,1,5521,17273730,KMX,CIRCUIT CITY STORES INC,,,,N,A,R,20453,0,1,5521,17273730,,,,,,,,,,,,,,,,,,,,,,,,,19.050,19.700,19.300,222000.000,0.039311,19.090,19.410,36272.000,1.000,1.000,19.300,,0.039311,0.012,0.012,0.012,0.012,0.011
84577,2001/11/20,,11,1,5521,17273730,KMX,CIRCUIT CITY STORES INC,,,,N,A,R,20453,0,1,5521,17273730,,,,,,,,,,,,,,,,,,,,,,,,,18.500,19.300,18.550,225400.000,-0.038860,18.400,18.690,36272.000,1.000,1.000,19.300,,-0.038860,-0.008,-0.008,-0.005,-0.005,-0.007
84577,2001/11/21,,11,1,5521,17273730,KMX,CIRCUIT CITY STORES INC,,,,N,A,R,20453,0,1,5521,17273730,,,,,,,,,,,,,,,,,,,,,,,,,17.790,18.650,18.250,290600.000,-0.016172,18.240,18.250,36272.000,1.000,1.000,18.600,,-0.016172,-0.004,-0.005,0.000,0.000,-0.005
84577,2001/11/23,,11,1,5521,17273730,KMX,CIRCUIT CITY STORES INC,,,,N,A,R,20453,0,1,5521,17273730,,,,,,,,,,,,,,,,,,,,,,,,,18.250,19.470,18.980,150400.000,0.040000,18.930,18.980,36272.000,1.000,1.000,18.250,,0.040000,0.012,0.012,0.010,0.010,0.012
84577,2001/11/26,,11,1,5521,17273730,KMX,CIRCUIT CITY STORES INC,,,,N,A,R,20453,0,1,5521,17273730,,,,,,,,,,,,,,,,,,,,,,,,,19.060,19.700,19.420,237500.000,0.023182,19.300,19.650,36272.000,1.000,1.000,19.230,,0.023182,0.007,0.007,0.006,0.006,0.006
84577,2001/11/27,,11,1,5521,17273730,KMX,CIRCUIT CITY STORES INC,,,,N,A,R,20453,0,1,5521,17273730,,,,,,,,,,,,,,,,,,,,,,,,,19.350,19.880,19.650,272600.000,0.011843,19.650,19.720,36272.000,1.000,1.000,19.420,,0.011843,-0.005,-0.005,0.002,0.002,-0.007
84577,2001/11/28,,11,1,5521,17273730,KMX,CIRCUIT CITY STORES INC,,,,N,A,R,20453,0,1,5521,17273730,,,,,,,,,,,,,,,,,,,,,,,,,19.250,19.650,19.400,355100.000,-0.012723,19.100,19.510,36272.000,1.000,1.000,19.650,,-0.012723,-0.017,-0.018,-0.010,-0.010,-0.018
84577,2001/11/29,,11,1,5521,17273730,KMX,CIRCUIT CITY STORES INC,,,,N,A,R,20453,0,1,5521,17273730,,,,,,,,,,,,,,,,,,,,,,,,,19.410,21.000,20.500,439600.000,0.056701,20.330,20.600,36272.000,1.000,1.000,19.410,,0.056701,0.011,0.011,0.009,0.009,0.010
84577,2001/11/30,,11,1,5521,17273730,KMX,CIRCUIT CITY STORES INC,,,,N,A,R,20453,0,1,5521,17273730,,,,,,,,0.000,,,,,,,,,,,,,,,,,19.910,20.650,19.950,222600.000,-0.026829,19.920,20.000,36272.000,1.000,1.000,20.510,,-0.026829,-0.001,-0.001,0.001,0.001,-0.001
84577,2001/12/03,,11,1,5521,17273730,KMX,CIRCUIT CITY STORES INC,,,,N,A,R,20453,0,1,5521,17273730,,,,,,,,,,,,,,,,,,,,,,,,,19.850,20.300,20.000,232900.000,0.002506,19.890,20.120,36272.000,1.000,1.000,19.900,,0.002506,-0.008,-0.008,-0.007,-0.007,-0.008
84577,2001/12/04,,11,1,5521,17273730,KMX,CIRCUIT CITY STORES INC,,,,N,A,R,20453,0,1,5521,17273730,,,,,,,,,,,,,,,,,,,,,,,,,20.230,21.250,21.000,339500.000,0.050000,21.000,21.040,36272.000,1.000,1.000,20.230,,0.050000,0.015,0.015,0.012,0.012,0.013
84577,2001/12/05,,11,1,5521,17273730,KMX,CIRCUIT CITY STORES INC,,,,N,A,R,20453,0,1,5521,17273730,,,,,,,,,,,,,,,,,,,,,,,,,21.070,22.000,21.860,671900.000,0.040952,21.650,22.050,36272.000,1.000,1.000,21.150,,0.040952,0.023,0.023,0.017,0.017,0.022
84577,2001/12/06,,11,1,5521,17273730,KMX,CIRCUIT CITY STORES INC,,,,N,A,R,20453,0,1,5521,17273730,,,,,,,,,,,,,,,,,,,,,,,,,21.340,22.250,22.000,805400.000,0.006404,21.980,22.020,36272.000,1.000,1.000,21.950,,0.006404,-0.001,-0.001,0.006,0.006,-0.003
84577,2001/12/07,,11,1,5521,17273730,KMX,CIRCUIT CITY STORES INC,,,,N,A,R,20453,0,1,5521,17273730,,,,,,,,,,,,,,,,,,,,,,,,,21.850,22.300,22.020,587500.000,0.000909,21.910,22.120,36272.000,1.000,1.000,22.000,,0.000909,-0.007,-0.007,0.002,0.002,-0.008
84577,2001/12/10,,11,1,5521,17273730,KMX,CIRCUIT CITY STORES INC,,,,N,A,R,20453,0,1,5521,17273730,,,,,,,,,,,,,,,,,,,,,,,,,21.510,22.100,21.650,140800.000,-0.016803,21.570,21.650,36272.000,1.000,1.000,22.100,,-0.016803,-0.015,-0.015,-0.007,-0.007,-0.016
84577,2001/12/11,,11,1,5521,17273730,KMX,CIRCUIT CITY STORES INC,,,,N,A,R,20453,0,1,5521,17273730,,,,,,,,,,,,,,,,,,,,,,,,,21.610,22.050,21.800,151400.000,0.006928,21.660,21.800,36272.000,1.000,1.000,21.900,,0.006928,-0.002,-0.002,0.003,0.003,-0.003
84577,2001/12/12,,11,1,5521,17273730,KMX,CIRCUIT CITY STORES INC,,,,N,A,R,20453,0,1,5521,17273730,,,,,,,,,,,,,,,,,,,,,,,,,21.710,22.250,21.990,165700.000,0.008716,21.820,21.990,36272.000,1.000,1.000,21.780,,0.008716,0.001,0.000,0.002,0.002,0.000
84577,2001/12/13,,11,1,5521,17273730,KMX,CIRCUIT CITY STORES INC,,,,N,A,R,20453,0,1,5521,17273730,,,,,,,,,,,,,,,,,,,,,,,,,21.730,22.780,22.100,255900.000,0.005002,21.850,22.400,36272.000,1.000,1.000,21.800,,0.005002,-0.015,-0.015,-0.008,-0.008,-0.016
84577,2001/12/14,,11,1,5521,17273730,KMX,CIRCUIT CITY STORES INC,,,,N,A,R,20453,0,1,5521,17273730,,,,,,,,,,,,,,,,,,,,,,,,,22.150,23.200,23.200,461800.000,0.049774,22.800,23.400,36272.000,1.000,1.000,22.200,,0.049774,0.003,0.003,0.002,0.002,0.003
84577,2001/12/17,,11,1,5521,17273730,KMX,CIRCUIT CITY STORES INC,,,,N,A,R,20453,0,1,5521,17273730,,,,,,,,,,,,,,,,,,,,,,,,,22.750,24.000,23.120,491500.000,-0.003448,22.850,23.450,36272.000,1.000,1.000,23.200,,-0.003448,0.010,0.010,0.005,0.005,0.010
84577,2001/12/18,,11,1,5521,17273730,KMX,CIRCUIT CITY STORES INC,,,,N,A,R,20453,0,1,5521,17273730,,,,,,,,,,,,,,,,,,,,,,,,,20.900,23.900,22.650,917700.000,-0.020329,22.310,22.850,36272.000,1.000,1.000,23.710,,-0.020329,0.008,0.008,0.007,0.007,0.008
84577,2001/12/19,,11,1,5521,17273730,KMX,CIRCUIT CITY STORES INC,,,,N,A,R,20453,0,1,5521,17273730,,,,,,,,,,,,,,,,,,,,,,,,,21.850,23.250,23.040,304800.000,0.017219,22.750,23.290,36272.000,1.000,1.000,22.650,,0.017219,0.004,0.004,-0.003,-0.003,0.006
84577,2001/12/20,,11,1,5521,17273730,KMX,CIRCUIT CITY STORES INC,,,,N,A,R,20453,0,1,5521,17273730,,,,,,,,,,,,,,,,,,,,,,,,,21.700,23.240,22.500,404600.000,-0.023438,22.450,22.550,36272.000,1.000,1.000,23.050,,-0.023438,-0.009,-0.009,-0.009,-0.009,-0.008
84577,2001/12/21,,11,1,5521,17273730,KMX,CIRCUIT CITY STORES INC,,,,N,A,R,20453,0,1,5521,17273730,,,,,,,,,,,,,,,,,,,,,,,,,22.000,22.800,22.180,266700.000,-0.014222,21.920,22.430,36272.000,1.000,1.000,22.700,,-0.014222,0.006,0.006,0.010,0.010,0.004
84577,2001/12/24,,11,1,5521,17273730,KMX,CIRCUIT CITY STORES INC,,,,N,A,R,20453,0,1,5521,17273730,,,,,,,,,,,,,,,,,,,,,,,,,21.750,22.450,21.920,114000.000,-0.011722,21.600,22.150,36272.000,1.000,1.000,22.250,,-0.011722,0.000,0.000,0.004,0.004,-0.000
84577,2001/12/26,,11,1,5521,17273730,KMX,CIRCUIT CITY STORES INC,,,,N,A,R,20453,0,1,5521,17273730,,,,,,,,,,,,,,,,,,,,,,,,,21.990,22.700,22.680,214900.000,0.034672,22.400,22.950,36272.000,1.000,1.000,21.990,,0.034672,0.005,0.005,0.007,0.007,0.004
84577,2001/12/27,,11,1,5521,17273730,KMX,CIRCUIT CITY STORES INC,,,,N,A,R,20453,0,1,5521,17273730,,,,,,,,,,,,,,,,,,,,,,,,,22.850,23.700,23.270,336500.000,0.026014,23.270,23.290,36272.000,1.000,1.000,23.000,,0.026014,0.007,0.007,0.008,0.008,0.007
84577,2001/12/28,,11,1,5521,17273730,KMX,CIRCUIT CITY STORES INC,,,,N,A,R,20453,0,1,5521,17273730,,,,,,,,,,,,,,,,,,,,,,,,,22.920,23.500,22.920,236500.000,-0.015041,22.850,23.410,36272.000,1.000,1.000,23.150,,-0.015041,0.004,0.004,0.009,0.009,0.003
84577,2001/12/31,,11,1,5521,17273730,KMX,CIRCUIT CITY STORES INC,,,,N,A,R,20453,0,1,5521,17273730,,,,,,,,0.000,,,,,,,,,,,,,,,,,22.520,23.610,22.740,273400.000,-0.007853,22.370,23.070,36272.000,1.000,1.000,22.950,,-0.007853,-0.010,-0.010,0.007,0.007,-0.011
84577,2002/01/02,2002/09/30,11,1,5521,17273730,KMX,CIRCUIT CITY STORES INC,,KMX,,N,A,R,20453,0,1,5521,17273730,,,,,,,,2.000,55.000,552.000,,,,,,,,,,,,,,,22.170,22.800,22.450,247100.000,-0.012753,22.190,22.700,36272.000,1.000,1.000,22.800,,-0.012753,0.004,0.004,0.008,0.008,0.006
84577,2002/01/03,,11,1,5521,17273730,KMX,CIRCUIT CITY STORES INC,,KMX,,N,A,R,20453,0,1,5521,17273730,,,,,,,,,55.000,552.000,,,,,,,,,,,,,,,21.980,22.740,22.060,203200.000,-0.017372,21.800,22.310,36272.000,1.000,1.000,22.450,,-0.017372,0.010,0.010,0.013,0.013,0.009
84577,2002/01/04,,11,1,5521,17273730,KMX,CIRCUIT CITY STORES INC,,KMX,,N,A,R,20453,0,1,5521,17273730,,,,,,,,,55.000,552.000,,,,,,,,,,,,,,,20.250,22.520,20.550,773300.000,-0.068450,20.270,20.810,36272.000,1.000,1.000,22.200,,-0.068450,0.007,0.007,0.011,0.011,0.006
84577,2002/01/07,,11,1,5521,17273730,KMX,CIRCUIT CITY STORES INC,,KMX,,N,A,R,20453,0,1,5521,17273730,,,,,,,,,55.000,552.000,,,,,,,,,,,,,,,20.250,21.500,21.280,444800.000,0.035523,20.990,21.540,36272.000,1.000,1.000,20.550,,0.035523,-0.007,-0.007,-0.000,-0.000,-0.006
84577,2002/01/08,,11,1,5521,17273730,KMX,CIRCUIT CITY STORES INC,,KMX,,N,A,R,20453,0,1,5521,17273730,,,,,,,,,55.000,552.000,,,,,,,,,,,,,,,20.650,21.500,21.470,258700.000,0.008929,21.200,21.710,36272.000,1.000,1.000,21.500,,0.008929,-0.002,-0.003,0.005,0.005,-0.004
84577,2002/01/09,,11,1,5521,17273730,KMX,CIRCUIT CITY STORES INC,,KMX,,N,A,R,20453,0,1,5521,17273730,,,,,,,,,55.000,552.000,,,,,,,,,,,,,,,20.700,21.350,20.750,264900.000,-0.033535,20.500,21.050,36272.000,1.000,1.000,21.220,,-0.033535,-0.004,-0.004,0.001,0.001,-0.005
84577,2002/01/10,,11,1,5521,17273730,KMX,CIRCUIT CITY STORES INC,,KMX,,N,A,R,20453,0,1,5521,17273730,,,,,,,,,55.000,552.000,,,,,,,,,,,,,,,19.350,20.750,20.230,439000.000,-0.025060,19.870,20.480,36272.000,1.000,1.000,20.750,,-0.025060,0.001,0.001,0.000,0.000,0.001
84577,2002/01/11,,11,1,5521,17273730,KMX,CIRCUIT CITY STORES INC,,KMX,,N,A,R,20453,0,1,5521,17273730,,,,,,,,,55.000,552.000,,,,,,,,,,,,,,,20.000,20.970,20.000,312900.000,-0.011369,19.700,20.260,36272.000,1.000,1.000,20.240,,-0.011369,-0.009,-0.009,-0.004,-0.004,-0.009
84577,2002/01/14,,11,1,5521,17273730,KMX,CIRCUIT CITY STORES INC,,KMX,,N,A,R,20453,0,1,5521,17273730,,,,,,,,,55.000,552.000,,,,,,,,,,,,,,,19.700,20.340,19.810,179400.000,-0.009500,19.560,20.200,36272.000,1.000,1.000,19.750,,-0.009500,-0.008,-0.008,-0.010,-0.010,-0.006
84577,2002/01/15,,11,1,5521,17273730,KMX,CIRCUIT CITY STORES INC,,KMX,,N,A,R,20453,0,1,5521,17273730,,,,,,,,,55.000,552.000,,,,,,,,,,,,,,,19.810,20.780,20.700,170700.000,0.044927,20.650,20.800,36272.000,1.000,1.000,19.810,,0.044927,0.006,0.006,0.001,0.001,0.007
84577,2002/01/16,,11,1,5521,17273730,KMX,CIRCUIT CITY STORES INC,,KMX,,N,A,R,20453,0,1,5521,17273730,,,,,,,,,55.000,552.000,,,,,,,,,,,,,,,20.500,21.010,20.600,167700.000,-0.004831,20.350,20.980,36272.000,1.000,1.000,20.710,,-0.004831,-0.016,-0.016,-0.011,-0.011,-0.016
84577,2002/01/17,,11,1,5521,17273730,KMX,CIRCUIT CITY STORES INC,,KMX,,N,A,R,20453,0,1,5521,17273730,,,,,,,,,55.000,552.000,,,,,,,,,,,,,,,20.100,20.950,20.940,134800.000,0.016505,20.700,21.220,36272.000,1.000,1.000,20.600,,0.016505,0.010,0.010,0.007,0.007,0.010
84577,2002/01/18,,11,1,5521,17273730,KMX,CIRCUIT CITY STORES INC,,KMX,,N,A,R,20453,0,1,5521,17273730,,,,,,,,,55.000,552.000,,,,,,,,,,,,,,,20.900,21.850,21.300,322000.000,0.017192,21.050,21.530,36272.000,1.000,1.000,20.950,,0.017192,-0.010,-0.010,-0.006,-0.006,-0.010
84577,2002/01/22,,11,1,5521,17273730,KMX,CIRCUIT CITY STORES INC,,KMX,,N,A,R,20453,0,1,5521,17273730,,,,,,,,,55.000,552.000,,,,,,,,,,,,,,,20.000,21.640,20.150,287300.000,-0.053991,19.920,20.470,36272.000,1.000,1.000,21.300,,-0.053991,-0.008,-0.008,-0.008,-0.008,-0.007
84577,2002/01/23,,11,1,5521,17273730,KMX,CIRCUIT CITY STORES INC,,KMX,,N,A,R,20453,0,1,5521,17273730,,,,,,,,,55.000,552.000,,,,,,,,,,,,,,,20.020,20.700,20.450,179800.000,0.014888,20.400,20.700,36272.000,1.000,1.000,20.500,,0.014888,0.009,0.009,0.008,0.008,0.008
84577,2002/01/24,,11,1,5521,17273730,KMX,CIRCUIT CITY STORES INC,,KMX,,N,A,R,20453,0,1,5521,17273730,,,,,,,,,55.000,552.000,,,,,,,,,,,,,,,20.900,22.400,21.560,511000.000,0.054279,21.310,22.010,36272.000,1.000,1.000,21.000,,0.054279,0.004,0.004,0.006,0.006,0.004
84577,2002/01/25,,11,1,5521,17273730,KMX,CIRCUIT CITY STORES INC,,KMX,,N,A,R,20453,0,1,5521,17273730,,,,,,,,,55.000,552.000,,,,,,,,,,,,,,,21.080,21.800,21.210,215300.000,-0.016234,20.900,21.460,36272.000,1.000,1.000,21.600,,-0.016234,0.001,0.001,0.000,0.000,0.001
84577,2002/01/28,,11,1,5521,17273730,KMX,CIRCUIT CITY STORES INC,,KMX,,N,A,R,20453,0,1,5521,17273730,,,,,,,,,55.000,552.000,,,,,,,,,,,,,,,20.450,21.210,20.510,185400.000,-0.033003,20.240,20.770,36272.000,1.000,1.000,21.210,,-0.033003,0.000,0.000,0.000,0.000,-0.000
84577,2002/01/29,,11,1,5521,17273730,KMX,CIRCUIT CITY STORES INC,,KMX,,N,A,R,20453,0,1,5521,17273730,,,,,,,,,55.000,552.000,,,,,,,,,,,,,,,19.900,20.790,20.250,332800.000,-0.012677,19.850,20.500,36272.000,1.000,1.000,20.550,,-0.012677,-0.025,-0.025,-0.011,-0.012,-0.029
84577,2002/01/30,,11,1,5521,17273730,KMX,CIRCUIT CITY STORES INC,,KMX,,N,A,R,20453,0,1,5521,17273730,,,,,,,,,55.000,552.000,,,,,,,,,,,,,,,19.700,20.800,20.620,171500.000,0.018272,20.600,20.740,36272.000,1.000,1.000,20.250,,0.018272,0.010,0.010,0.004,0.004,0.012
84577,2002/01/31,,11,1,5521,17273730,KMX,CIRCUIT CITY STORES INC,,KMX,,N,A,R,20453,0,1,5521,17273730,,,,,,,,0.000,55.000,552.000,,,,,,,,,,,,,,,20.700,21.400,21.070,255300.000,0.021823,20.820,21.390,36272.000,1.000,1.000,20.700,,0.021823,0.013,0.013,0.010,0.009,0.015
84577,2002/02/01,,11,1,5521,17273730,KMX,CIRCUIT CITY STORES INC,,KMX,,N,A,R,20453,0,1,5521,17273730,,,,,,,,,55.000,552.000,,,,,,,,,,,,,,,20.360,21.170,20.900,164900.000,-0.008068,20.720,21.230,36272.000,1.000,1.000,21.170,,-0.008068,-0.006,-0.006,-0.002,-0.002,-0.007
84577,2002/02/04,,11,1,5521,17273730,KMX,CIRCUIT CITY STORES INC,,KMX,,N,A,R,20453,0,1,5521,17273730,,,,,,,,,55.000,552.000,,,,,,,,,,,,,,,20.770,21.430,21.000,495500.000,0.004785,20.750,21.120,36272.000,1.000,1.000,21.000,,0.004785,-0.024,-0.024,-0.016,-0.016,-0.025
84577,2002/02/05,,11,1,5521,17273730,KMX,CIRCUIT CITY STORES INC,,KMX,,N,A,R,20453,0,1,5521,17273730,,,,,,,,,55.000,552.000,,,,,,,,,,,,,,,20.520,21.100,20.550,116600.000,-0.021429,20.290,20.820,36272.000,1.000,1.000,21.100,,-0.021429,-0.005,-0.005,-0.008,-0.008,-0.004
84577,2002/02/06,,11,1,5521,17273730,KMX,CIRCUIT CITY STORES INC,,KMX,,N,A,R,20453,0,1,5521,17273730,,,,,,,,,55.000,552.000,,,,,,,,,,,,,,,21.750,24.480,24.410,1040500.000,0.187835,24.150,24.670,36272.000,1.000,1.000,21.750,,0.187835,-0.007,-0.007,-0.010,-0.010,-0.006
84577,2002/02/07,,11,1,5521,17273730,KMX,CIRCUIT CITY STORES INC,,KMX,,N,A,R,20453,0,1,5521,17273730,,,,,,,,,55.000,552.000,,,,,,,,,,,,,,,24.350,25.750,24.360,664600.000,-0.002048,24.140,24.700,36272.000,1.000,1.000,24.660,,-0.002048,-0.004,-0.004,-0.006,-0.006,-0.003
84577,2002/02/08,,11,1,5521,17273730,KMX,CIRCUIT CITY STORES INC,,KMX,,N,A,R,20453,0,1,5521,17273730,,,,,,,,,55.000,552.000,,,,,,,,,,,,,,,22.750,24.440,24.330,766700.000,-0.001232,24.070,24.620,36272.000,1.000,1.000,24.370,,-0.001232,0.016,0.016,0.012,0.012,0.015
84577,2002/02/11,,11,1,5521,17273730,KMX,CIRCUIT CITY STORES INC,,KMX,,N,A,R,20453,0,1,5521,17273730,,,,,,,,,55.000,552.000,,,,,,,,,,,,,,,24.100,25.650,25.550,437600.000,0.050144,25.340,25.850,36272.000,1.000,1.000,24.340,,0.050144,0.013,0.013,0.008,0.008,0.014
84577,2002/02/12,,11,1,5521,17273730,KMX,CIRCUIT CITY STORES INC,,KMX,,N,A,R,20453,0,1,5521,17273730,,,,,,,,,55.000,552.000,,,,,,,,,,,,,,,24.630,25.500,25.150,347400.000,-0.015656,24.830,25.410,36272.000,1.000,1.000,25.000,,-0.015656,-0.003,-0.003,-0.000,-0.000,-0.004
84577,2002/02/13,,11,1,5521,17273730,KMX,CIRCUIT CITY STORES INC,,KMX,,N,A,R,20453,0,1,5521,17273730,,,,,,,,,55.000,552.000,,,,,,,,,,,,,,,25.150,26.450,25.860,396200.000,0.028231,25.560,26.080,36272.000,1.000,1.000,25.150,,0.028231,0.010,0.009,0.006,0.006,0.010
84577,2002/02/14,,11,1,5521,17273730,KMX,CIRCUIT CITY STORES INC,,KMX,,N,A,R,20453,0,1,5521,17273730,,,,,,,,,55.000,552.000,,,,,,,,,,,,,,,24.700,26.200,25.100,436900.000,-0.029389,24.800,25.350,36272.000,1.000,1.000,26.100,,-0.029389,-0.002,-0.003,-0.005,-0.005,-0.002
84577,2002/02/15,,11,1,5521,17273730,KMX,CIRCUIT CITY STORES INC,,KMX,,N,A,R,20453,0,1,5521,17273730,,,,,,,,,55.000,552.000,,,,,,,,,,,,,,,24.740,25.500,25.210,373300.000,0.004382,25.190,25.250,36272.000,1.000,1.000,25.100,,0.004382,-0.010,-0.010,-0.004,-0.004,-0.011
84577,2002/02/19,,11,1,5521,17273730,KMX,CIRCUIT CITY STORES INC,,KMX,,N,A,R,20453,0,1,5521,17273730,,,,,,,,,55.000,552.000,,,,,,,,,,,,,,,24.900,25.700,25.110,714900.000,-0.003967,24.830,25.610,36272.000,1.000,1.000,25.210,,-0.003967,-0.019,-0.019,-0.015,-0.015,-0.019
84577,2002/02/20,,11,1,5521,17273730,KMX,CIRCUIT CITY STORES INC,,KMX,,N,A,R,20453,0,1,5521,17273730,,,,,,,,,55.000,552.000,,,,,,,,,,,,,,,25.110,27.300,27.000,430000.000,0.075269,26.510,27.500,36272.000,1.000,1.000,25.110,,0.075269,0.013,0.013,0.005,0.005,0.014
84577,2002/02/21,,11,1,5521,17273730,KMX,CIRCUIT CITY STORES INC,,KMX,,N,A,R,20453,0,1,5521,17273730,,,,,,,,,55.000,552.000,,,,,,,,,,,,,,,26.270,29.020,28.510,1048800.000,0.055926,28.280,29.120,36272.000,1.000,1.000,26.750,,0.055926,-0.015,-0.015,-0.009,-0.009,-0.016
84577,2002/02/22,,11,1,5521,17273730,KMX,CIRCUIT CITY STORES INC,,KMX,,N,A,R,20453,0,1,5521,17273730,,,,,,,,,55.000,552.000,,,,,,,,,,,,,,,25.000,27.960,26.000,4033800.000,-0.088039,25.740,26.560,36272.000,1.000,1.000,27.950,,-0.088039,0.007,0.007,0.004,0.004,0.008
84577,2002/02/25,,11,1,5521,17273730,KMX,CIRCUIT CITY STORES INC,,KMX,,N,A,R,20453,0,1,5521,17273730,,,,,,,,,55.000,552.000,,,,,,,,,,,,,,,24.620,27.130,27.020,2121500.000,0.039231,26.500,27.550,36272.000,1.000,1.000,26.000,,0.039231,0.016,0.016,0.005,0.005,0.018
84577,2002/02/26,,11,1,5521,17273730,KMX,CIRCUIT CITY STORES INC,,KMX,,N,A,R,20453,0,1,5521,17273730,,,,,,,,,55.000,552.000,,,,,,,,,,,,,,,25.600,27.010,26.620,3126500.000,-0.014804,26.340,27.130,36272.000,1.000,1.000,27.000,,-0.014804,0.001,0.001,0.003,0.003,-0.000
84577,2002/02/27,,11,1,5521,17273730,KMX,CIRCUIT CITY STORES INC,,KMX,,N,A,R,20453,0,1,5521,17273730,,,,,,,,,55.000,552.000,,,,,,,,,,,,,,,25.950,27.120,27.010,846900.000,0.014651,26.730,27.520,36272.000,1.000,1.000,26.550,,0.014651,0.001,0.001,0.003,0.003,0.000
84577,2002/02/28,,11,1,5521,17273730,KMX,CIRCUIT CITY STORES INC,,KMX,,N,A,R,20453,0,1,5521,17273730,,,,,,,,0.000,55.000,552.000,,,,,,,,,,,,,,,26.200,27.250,26.740,487600.000,-0.009996,26.400,27.230,36272.000,1.000,1.000,27.000,,-0.009996,-0.003,-0.003,-0.001,-0.001,-0.003
84577,2002/03/01,,11,1,5521,17273730,KMX,CIRCUIT CITY STORES INC,,KMX,,N,A,R,20453,0,1,5521,17273730,,,,,,,,,55.000,552.000,,,,,,,,,,,,,,,26.510,27.150,26.570,522300.000,-0.006358,26.280,27.070,36272.000,1.000,1.000,26.740,,-0.006358,0.022,0.022,0.012,0.012,0.023
84577,2002/03/04,,11,1,5521,17273730,KMX,CIRCUIT CITY STORES INC,,KMX,,N,A,R,20453,0,1,5521,17273730,,,,,,,,,55.000,552.000,,,,,,,,,,,,,,,26.000,26.980,26.520,633600.000,-0.001882,26.230,27.020,36272.000,1.000,1.000,26.490,,-0.001882,0.020,0.020,0.015,0.015,0.019
84577,2002/03/05,,11,1,5521,17273730,KMX,CIRCUIT CITY STORES INC,,KMX,,N,A,R,20453,0,1,5521,17273730,,,,,,,,,55.000,552.000,,,,,,,,,,,,,,,26.350,26.900,26.550,422200.000,0.001131,26.290,27.200,36272.000,1.000,1.000,26.520,,0.001131,-0.005,-0.005,0.003,0.003,-0.007
84577,2002/03/06,,11,1,5521,17273730,KMX,CIRCUIT CITY STORES INC,,KMX,,N,A,R,20453,0,1,5521,17273730,,,,,,,,,55.000,552.000,,,,,,,,,,,,,,,26.750,28.500,27.800,1260100.000,0.047081,27.390,27.110,36272.000,1.000,1.000,27.050,,0.047081,0.014,0.014,0.013,0.012,0.015
84577,2002/03/07,,11,1,5521,17273730,KMX,CIRCUIT CITY STORES INC,,KMX,,N,A,R,20453,0,1,5521,17273730,,,,,,,,,55.000,552.000,,,,,,,,,,,,,,,27.980,29.700,28.310,1597900.000,0.018345,28.020,28.810,36272.000,1.000,1.000,28.500,,0.018345,-0.004,-0.004,0.004,0.004,-0.004
84577,2002/03/08,,11,1,5521,17273730,KMX,CIRCUIT CITY STORES INC,,KMX,,N,A,R,20453,0,1,5521,17273730,,,,,,,,,55.000,552.000,,,,,,,,,,,,,,,28.600,29.700,29.030,862700.000,0.025433,28.430,29.500,36272.000,1.000,1.000,29.000,,0.025433,0.007,0.007,0.009,0.009,0.006
84577,2002/03/11,,11,1,5521,17273730,KMX,CIRCUIT CITY STORES INC,,KMX,,N,A,R,20453,0,1,5521,17273730,,,,,,,,,55.000,552.000,,,,,,,,,,,,,,,28.250,28.940,28.450,626500.000,-0.019979,28.030,28.850,36272.000,1.000,1.000,28.860,,-0.019979,0.003,0.003,0.005,0.005,0.003
84577,2002/03/12,,11,1,5521,17273730,KMX,CIRCUIT CITY STORES INC,,KMX,,N,A,R,20453,0,1,5521,17273730,,,,,,,,,55.000,552.000,,,,,,,,,,,,,,,27.750,28.600,28.080,611800.000,-0.013005,27.680,28.600,36272.000,1.000,1.000,28.200,,-0.013005,-0.003,-0.003,-0.003,-0.003,-0.002
84577,2002/03/13,,11,1,5521,17273730,KMX,CIRCUIT CITY STORES INC,,KMX,,N,A,R,20453,0,1,5521,17273730,,,,,,,,,55.000,552.000,,,,,,,,,,,,,,,28.150,29.080,28.650,484500.000,0.020299,28.280,29.180,36272.000,1.000,1.000,28.150,,0.020299,-0.009,-0.009,-0.003,-0.004,-0.010
84577,2002/03/14,,11,1,5521,17273730,KMX,CIRCUIT CITY STORES INC,,KMX,,N,A,R,20453,0,1,5521,17273730,,,,,,,,,55.000,552.000,,,,,,,,,,,,,,,28.520,29.080,28.950,527900.000,0.010471,28.630,29.450,36272.000,1.000,1.000,28.600,,0.010471,-0.000,-0.000,0.004,0.004,-0.001
84577,2002/03/15,,11,1,5521,17273730,KMX,CIRCUIT CITY STORES INC,,KMX,,N,A,R,20453,0,1,5521,17273730,,,,,,,,,55.000,552.000,,,,,,,,,,,,,,,27.800,28.990,28.800,787300.000,-0.005181,28.610,29.210,36272.000,1.000,1.000,28.900,,-0.005181,0.010,0.010,0.005,0.005,0.011
84577,2002/03/18,,11,1,5521,17273730,KMX,CIRCUIT CITY STORES INC,,KMX,,N,A,R,20453,0,1,5521,17273730,,,,,,,,,55.000,552.000,,,,,,,,,,,,,,,28.700,29.500,29.400,503100.000,0.020833,29.040,29.940,36272.000,1.000,1.000,29.000,,0.020833,0.001,0.001,0.005,0.005,-0.001
84577,2002/03/19,,11,1,5521,17273730,KMX,CIRCUIT CITY STORES INC,,KMX,,N,A,R,20453,0,1,5521,17273730,,,,,,,,,55.000,552.000,,,,,,,,,,,,,,,28.480,30.080,28.480,831200.000,-0.031293,28.210,28.990,36272.000,1.000,1.000,29.650,,-0.031293,0.003,0.003,0.003,0.003,0.004
84577,2002/03/20,,11,1,5521,17273730,KMX,CIRCUIT CITY STORES INC,,KMX,,N,A,R,20453,0,1,5521,17273730,,,,,,,,,55.000,552.000,,,,,,,,,,,,,,,26.500,28.500,26.950,2206800.000,-0.053722,26.670,27.450,36272.000,1.000,1.000,28.500,,-0.053722,-0.014,-0.014,-0.006,-0.006,-0.016
84577,2002/03/21,,11,1,5521,17273730,KMX,CIRCUIT CITY STORES INC,,KMX,,N,A,R,20453,0,1,5521,17273730,,,,,,,,,55.000,552.000,,,,,,,,,,,,,,,24.990,27.000,26.000,2410700.000,-0.035250,25.950,26.520,36272.000,1.000,1.000,26.950,,-0.035250,0.003,0.003,0.006,0.006,0.002
84577,2002/03/22,,11,1,5521,17273730,KMX,CIRCUIT CITY STORES INC,,KMX,,N,A,R,20453,0,1,5521,17273730,,,,,,,,,55.000,552.000,,,,,,,,,,,,,,,25.860,26.640,26.180,880000.000,0.006923,25.880,26.900,36272.000,1.000,1.000,26.100,,0.006923,-0.004,-0.004,-0.000,-0.000,-0.004
84577,2002/03/25,,11,1,5521,17273730,KMX,CIRCUIT CITY STORES INC,,KMX,,N,A,R,20453,0,1,5521,17273730,,,,,,,,,55.000,552.000,,,,,,,,,,,,,,,25.000,26.260,25.020,872900.000,-0.044309,24.760,25.700,36272.000,1.000,1.000,26.240,,-0.044309,-0.014,-0.014,-0.007,-0.007,-0.015
84577,2002/03/26,,11,1,5521,17273730,KMX,CIRCUIT CITY STORES INC,,KMX,,N,A,R,20453,0,1,5521,17273730,,,,,,,,,55.000,552.000,,,,,,,,,,,,,,,24.910,25.470,25.180,1191600.000,0.006395,24.900,25.900,36272.000,1.000,1.000,25.030,,0.006395,0.006,0.006,0.005,0.004,0.006
84577,2002/03/27,,11,1,5521,17273730,KMX,CIRCUIT CITY STORES INC,,KMX,,N,A,R,20453,0,1,5521,17273730,,,,,,,,,55.000,552.000,,,,,,,,,,,,,,,25.020,25.490,25.350,692600.000,0.006751,25.030,26.080,36272.000,1.000,1.000,25.230,,0.006751,0.006,0.005,0.006,0.006,0.005
84577,2002/03/28,,11,1,5521,17273730,KMX,CIRCUIT CITY STORES INC,,KMX,,N,A,R,20453,0,1,5521,17273730,,,,,,,,0.000,55.000,552.000,,,,,,,,,,,,,,,25.370,26.150,25.860,806000.000,0.020118,25.580,26.460,36272.000,1.000,1.000,25.450,,0.020118,0.003,0.003,0.006,0.006,0.002
84577,2002/04/01,,11,1,5521,17273730,KMX,CIRCUIT CITY STORES INC,,KMX,,N,A,R,20453,0,1,5521,17273730,,,,,,,,,55.000,552.000,,,,,,,,,,,,,,,24.750,26.750,26.510,1645900.000,0.025135,26.230,27.400,36272.000,1.000,1.000,25.840,,0.025135,-0.001,-0.001,-0.001,-0.001,-0.001
84577,2002/04/02,,11,1,5521,17273730,KMX,CIRCUIT CITY STORES INC,,KMX,,N,A,R,20453,0,1,5521,17273730,,,,,,,,,55.000,552.000,,,,,,,,,,,,,,,24.900,26.120,24.960,1972800.000,-0.058469,24.680,25.470,36272.000,1.000,1.000,26.100,,-0.058469,-0.009,-0.009,-0.005,-0.005,-0.009
84577,2002/04/03,,11,1,5521,17273730,KMX,CIRCUIT CITY STORES INC,,KMX,,N,A,R,20453,0,1,5521,17273730,,,,,,,,,55.000,552.000,,,,,,,,,,,,,,,25.210,26.030,25.350,1343500.000,0.015625,25.250,25.460,36272.000,1.000,1.000,25.210,,0.015625,-0.009,-0.010,-0.006,-0.006,-0.010
84577,2002/04/04,,11,1,5521,17273730,KMX,CIRCUIT CITY STORES INC,,KMX,,N,A,R,20453,0,1,5521,17273730,,,,,,,,,55.000,552.000,,,,,,,,,,,,,,,25.060,25.750,25.700,626000.000,0.013807,25.750,25.800,36272.000,1.000,1.000,25.350,,0.013807,0.001,0.001,0.001,0.001,0.001
84577,2002/04/05,,11,1,5521,17273730,KMX,CIRCUIT CITY STORES INC,,KMX,,N,A,R,20453,0,1,5521,17273730,,,,,,,,,55.000,552.000,,,,,,,,,,,,,,,26.050,27.220,27.010,1357200.000,0.050973,27.010,27.140,36272.000,1.000,1.000,26.050,,0.050973,-0.003,-0.003,-0.000,-0.000,-0.003
84577,2002/04/08,,11,1,5521,17273730,KMX,CIRCUIT CITY STORES INC,,KMX,,N,A,R,20453,0,1,5521,17273730,,,,,,,,,55.000,552.000,,,,,,,,,,,,,,,26.760,28.980,28.700,1064500.000,0.062569,28.750,28.900,36272.000,1.000,1.000,27.010,,0.062569,0.003,0.003,0.003,0.002,0.002
84577,2002/04/09,,11,1,5521,17273730,KMX,CIRCUIT CITY STORES INC,,KMX,,N,A,R,20453,0,1,5521,17273730,,,,,,,,,55.000,552.000,,,,,,,,,,,,,,,28.600,29.600,29.450,1931100.000,0.026132,29.280,29.550,36272.000,1.000,1.000,28.710,,0.026132,-0.006,-0.006,-0.002,-0.002,-0.007
84577,2002/04/10,,11,1,5521,17273730,KMX,CIRCUIT CITY STORES INC,,KMX,,N,A,R,20453,0,1,5521,17273730,,,,,,,,,55.000,552.000,,,,,,,,,,,,,,,29.340,30.700,30.030,833300.000,0.019694,29.920,30.130,36272.000,1.000,1.000,29.350,,0.019694,0.011,0.011,0.009,0.008,0.011
84577,2002/04/11,,11,1,5521,17273730,KMX,CIRCUIT CITY STORES INC,,KMX,,N,A,R,20453,0,1,5521,17273730,,,,,,,,,55.000,552.000,,,,,,,,,,,,,,,29.450,30.000,29.710,809100.000,-0.010656,29.610,29.820,36272.000,1.000,1.000,29.950,,-0.010656,-0.021,-0.021,-0.010,-0.010,-0.024
84577,2002/04/12,,11,1,5521,17273730,KMX,CIRCUIT CITY STORES INC,,KMX,,N,A,R,20453,0,1,5521,17273730,,,,,,,,,55.000,552.000,,,,,,,,,,,,,,,29.720,30.900,30.900,590700.000,0.040054,30.620,31.000,36272.000,1.000,1.000,29.720,,0.040054,0.008,0.008,0.011,0.011,0.007
84577,2002/04/15,,11,1,5521,17273730,KMX,CIRCUIT CITY STORES INC,,KMX,,N,A,R,20453,0,1,5521,17273730,,,,,,,,,55.000,552.000,,,,,,,,,,,,,,,29.930,30.980,30.030,388600.000,-0.028155,29.900,30.130,36272.000,1.000,1.000,30.930,,-0.028155,-0.006,-0.006,-0.001,-0.001,-0.008
84577,2002/04/16,,11,1,5521,17273730,KMX,CIRCUIT CITY STORES INC,,KMX,,N,A,R,20453,0,1,5521,17273730,,,,,,,,,55.000,552.000,,,,,,,,,,,,,,,30.020,30.900,30.250,515600.000,0.007326,30.060,30.300,36272.000,1.000,1.000,30.100,,0.007326,0.022,0.022,0.016,0.016,0.023
84577,2002/04/17,,11,1,5521,17273730,KMX,CIRCUIT CITY STORES INC,,KMX,,N,A,R,20453,0,1,5521,17273730,,,,,,,,,55.000,552.000,,,,,,,,,,,,,,,28.510,30.340,28.910,698600.000,-0.044298,28.910,28.920,36272.000,1.000,1.000,30.250,,-0.044298,-0.002,-0.002,0.001,0.001,-0.002
84577,2002/04/18,,11,1,5521,17273730,KMX,CIRCUIT CITY STORES INC,,KMX,,N,A,R,20453,0,1,5521,17273730,,,,,,,,,55.000,552.000,,,,,,,,,,,,,,,27.300,28.530,28.500,1090700.000,-0.014182,28.490,28.510,36272.000,1.000,1.000,28.150,,-0.014182,-0.002,-0.002,0.003,0.003,-0.001
84577,2002/04/19,,11,1,5521,17273730,KMX,CIRCUIT CITY STORES INC,,KMX,,N,A,R,20453,0,1,5521,17273730,,,,,,,,,55.000,552.000,,,,,,,,,,,,,,,28.500,29.300,28.840,264500.000,0.011930,28.720,28.940,36272.000,1.000,1.000,28.510,,0.011930,0.001,0.001,0.002,0.002,0.001
84577,2002/04/22,,11,1,5521,17273730,KMX,CIRCUIT CITY STORES INC,,KMX,,N,A,R,20453,0,1,5521,17273730,,,,,,,,,55.000,552.000,,,,,,,,,,,,,,,27.850,28.700,27.990,365100.000,-0.029473,27.880,28.090,36272.000,1.000,1.000,28.700,,-0.029473,-0.015,-0.015,-0.008,-0.008,-0.015
84577,2002/04/23,,11,1,5521,17273730,KMX,CIRCUIT CITY STORES INC,,KMX,,N,A,R,20453,0,1,5521,17273730,,,,,,,,,55.000,552.000,,,,,,,,,,,,,,,26.420,27.800,27.170,1410200.000,-0.029296,27.070,27.290,36272.000,1.000,1.000,26.800,,-0.029296,-0.005,-0.005,-0.001,-0.001,-0.006
84577,2002/04/24,,11,1,5521,17273730,KMX,CIRCUIT CITY STORES INC,,KMX,,N,A,R,20453,0,1,5521,17273730,,,,,,,,,55.000,552.000,,,,,,,,,,,,,,,27.100,27.950,27.580,471900.000,0.015090,27.570,27.630,36272.000,1.000,1.000,27.100,,0.015090,-0.006,-0.006,-0.002,-0.002,-0.007
84577,2002/04/25,,11,1,5521,17273730,KMX,CIRCUIT CITY STORES INC,,KMX,,N,A,R,20453,0,1,5521,17273730,,,,,,,,,55.000,552.000,,,,,,,,,,,,,,,27.350,28.860,28.450,679400.000,0.031545,28.380,28.670,36272.000,1.000,1.000,27.480,,0.031545,-0.002,-0.002,-0.002,-0.002,-0.002
84577,2002/04/26,,11,1,5521,17273730,KMX,CIRCUIT CITY STORES INC,,KMX,,N,A,R,20453,0,1,5521,17273730,,,,,,,,,55.000,552.000,,,,,,,,,,,,,,,28.300,30.000,29.370,999800.000,0.032337,29.260,29.490,36272.000,1.000,1.000,28.450,,0.032337,-0.013,-0.014,-0.009,-0.009,-0.014
84577,2002/04/29,,11,1,5521,17273730,KMX,CIRCUIT CITY STORES INC,,KMX,,N,A,R,20453,0,1,5521,17273730,,,,,,,,,55.000,552.000,,,,,,,,,,,,,,,28.370,29.850,28.550,408800.000,-0.027920,28.430,28.710,36272.000,1.000,1.000,29.270,,-0.027920,-0.009,-0.009,-0.006,-0.006,-0.010
84577,2002/04/30,,11,1,5521,17273730,KMX,CIRCUIT CITY STORES INC,,KMX,,N,A,R,20453,0,1,5521,17273730,,,,,,,,0.000,55.000,552.000,,,,,,,,,,,,,,,28.560,29.610,29.500,836100.000,0.033275,29.480,29.500,36272.000,1.000,1.000,28.560,,0.033275,0.012,0.012,0.010,0.010,0.011
84577,2002/05/01,,11,1,5521,17273730,KMX,CIRCUIT CITY STORES INC,,KMX,,N,A,R,20453,0,1,5521,17273730,,,,,,,,,55.000,552.000,,,,,,,,,,,,,,,28.250,29.850,29.500,818700.000,0.000000,29.450,29.600,36272.000,1.000,1.000,29.450,,0.000000,0.008,0.007,0.001,0.001,0.009
84577,2002/05/02,,11,1,5521,17273730,KMX,CIRCUIT CITY STORES INC,,KMX,,N,A,R,20453,0,1,5521,17273730,,,,,,,,,55.000,552.000,,,,,,,,,,,,,,,29.800,31.800,31.600,1490600.000,0.071186,31.500,31.740,36272.000,1.000,1.000,29.800,,0.071186,-0.002,-0.002,0.000,0.000,-0.002
84577,2002/05/03,,11,1,5521,17273730,KMX,CIRCUIT CITY STORES INC,,KMX,,N,A,R,20453,0,1,5521,17273730,,,,,,,,,55.000,552.000,,,,,,,,,,,,,,,30.910,33.000,31.920,1621500.000,0.010127,31.880,32.000,36272.000,1.000,1.000,31.600,,0.010127,-0.009,-0.009,-0.002,-0.002,-0.010
84577,2002/05/06,,11,1,5521,17273730,KMX,CIRCUIT CITY STORES INC,,KMX,,N,A,R,20453,0,1,5521,17273730,,,,,,,,,55.000,552.000,,,,,,,,,,,,,,,31.700,33.260,32.300,1024300.000,0.011905,32.150,32.400,36272.000,1.000,1.000,31.920,,0.011905,-0.018,-0.018,-0.011,-0.011,-0.019
84577,2002/05/07,,11,1,5521,17273730,KMX,CIRCUIT CITY STORES INC,,KMX,,N,A,R,20453,0,1,5521,17273730,,,,,,,,,55.000,552.000,,,,,,,,,,,,,,,31.560,32.340,32.020,456200.000,-0.008669,32.010,32.050,36272.000,1.000,1.000,32.300,,-0.008669,-0.004,-0.004,-0.006,-0.006,-0.003
84577,2002/05/08,,11,1,5521,17273730,KMX,CIRCUIT CITY STORES INC,,KMX,,N,A,R,20453,0,1,5521,17273730,,,,,,,,,55.000,552.000,,,,,,,,,,,,,,,31.990,33.100,32.070,617700.000,0.001562,32.050,32.100,36272.000,1.000,1.000,32.100,,0.001562,0.034,0.034,0.019,0.019,0.038
84577,2002/05/09,,11,1,5521,17273730,KMX,CIRCUIT CITY STORES INC,,KMX,,N,A,R,20453,0,1,5521,17273730,,,,,,,,,55.000,552.000,,,,,,,,,,,,,,,31.950,34.000,33.300,1137200.000,0.038354,33.250,33.300,36272.000,1.000,1.000,31.950,,0.038354,-0.014,-0.014,-0.008,-0.008,-0.015
84577,2002/05/10,,11,1,5521,17273730,KMX,CIRCUIT CITY STORES INC,,KMX,,N,A,R,20453,0,1,5521,17273730,,,,,,,,,55.000,552.000,,,,,,,,,,,,,,,31.760,33.280,32.220,734500.000,-0.032432,32.200,32.220,36272.000,1.000,1.000,33.280,,-0.032432,-0.015,-0.015,-0.008,-0.008,-0.017
84577,2002/05/13,,11,1,5521,17273730,KMX,CIRCUIT CITY STORES INC,,KMX,,N,A,R,20453,0,1,5521,17273730,,,,,,,,,55.000,552.000,,,,,,,,,,,,,,,32.220,32.600,32.570,501500.000,0.010863,32.410,32.650,36272.000,1.000,1.000,32.220,,0.010863,0.017,0.017,0.007,0.007,0.019
84577,2002/05/14,,11,1,5521,17273730,KMX,CIRCUIT CITY STORES INC,,KMX,,N,A,R,20453,0,1,5521,17273730,,,,,,,,,55.000,552.000,,,,,,,,,,,,,,,29.600,32.600,30.420,2924000.000,-0.066012,30.250,30.500,36272.000,1.000,1.000,32.570,,-0.066012,0.021,0.021,0.015,0.015,0.021
84577,2002/05/15,,11,1,5521,17273730,KMX,CIRCUIT CITY STORES INC,,KMX,,N,A,R,20453,0,1,5521,17273730,,,,,,,,,55.000,552.000,,,,,,,,,,,,,,,29.800,31.640,31.400,960800.000,0.032216,31.290,31.500,36272.000,1.000,1.000,30.350,,0.032216,-0.003,-0.004,0.001,0.001,-0.006
84577,2002/05/16,,11,1,5521,17273730,KMX,CIRCUIT CITY STORES INC,,KMX,,N,A,R,20453,0,1,5521,17273730,,,,,,,,,55.000,552.000,,,,,,,,,,,,,,,29.750,31.320,30.010,805400.000,-0.044267,29.920,29.930,36272.000,1.000,1.000,31.300,,-0.044267,0.004,0.003,-0.001,-0.001,0.007
84577,2002/05/17,,11,1,5521,17273730,KMX,CIRCUIT CITY STORES INC,,KMX,,N,A,R,20453,0,1,5521,17273730,,,,,,,,,55.000,552.000,,,,,,,,,,,,,,,27.400,29.850,29.400,3071400.000,-0.020327,29.220,29.500,36272.000,1.000,1.000,29.020,,-0.020327,0.007,0.007,0.004,0.004,0.008
84577,2002/05/20,,11,1,5521,17273730,KMX,CIRCUIT CITY STORES INC,,KMX,,N,A,R,20453,0,1,5521,17273730,,,,,,,,,55.000,552.000,,,,,,,,,,,,,,,28.490,29.510,28.500,811200.000,-0.030612,28.400,28.700,36272.000,1.000,1.000,29.250,,-0.030612,-0.012,-0.012,-0.006,-0.006,-0.013
84577,2002/05/21,,11,1,5521,17273730,KMX,CIRCUIT CITY STORES INC,,KMX,,N,A,R,20453,0,1,5521,17273730,,,,,,,,,55.000,552.000,,,,,,,,,,,,,,,27.860,29.150,28.100,979800.000,-0.014035,28.020,28.110,36272.000,1.000,1.000,28.510,,-0.014035,-0.011,-0.011,-0.009,-0.009,-0.011
84577,2002/05/22,,11,1,5521,17273730,KMX,CIRCUIT CITY STORES INC,,KMX,,N,A,R,20453,0,1,5521,17273730,,,,,,,,,55.000,552.000,,,,,,,,,,,,,,,27.850,28.500,28.050,552600.000,-0.001779,28.040,28.080,36272.000,1.000,1.000,28.020,,-0.001779,0.004,0.004,-0.002,-0.002,0.006
84577,2002/05/23,,11,1,5521,17273730,KMX,CIRCUIT CITY STORES INC,,KMX,,N,A,R,20453,0,1,5521,17273730,,,,,,,,,55.000,552.000,,,,,,,,,,,,,,,27.700,28.720,28.720,295200.000,0.023886,28.550,28.840,36272.000,1.000,1.000,27.900,,0.023886,0.010,0.010,0.007,0.007,0.010
84577,2002/05/24,,11,1,5521,17273730,KMX,CIRCUIT CITY STORES INC,,KMX,,N,A,R,20453,0,1,5521,17273730,,,,,,,,,55.000,552.000,,,,,,,,,,,,,,,28.020,28.850,28.150,269500.000,-0.019847,28.200,28.310,36272.000,1.000,1.000,28.720,,-0.019847,-0.011,-0.011,-0.005,-0.005,-0.012
84577,2002/05/28,,11,1,5521,17273730,KMX,CIRCUIT CITY STORES INC,,KMX,,N,A,R,20453,0,1,5521,17273730,,,,,,,,,55.000,552.000,,,,,,,,,,,,,,,26.500,28.160,26.530,1254100.000,-0.057549,26.510,26.520,36272.000,1.000,1.000,28.160,,-0.057549,-0.007,-0.007,-0.002,-0.002,-0.009
84577,2002/05/29,,11,1,5521,17273730,KMX,CIRCUIT CITY STORES INC,,KMX,,N,A,R,20453,0,1,5521,17273730,,,,,,,,,55.000,552.000,,,,,,,,,,,,,,,26.050,27.030,26.400,683500.000,-0.004900,26.290,26.480,36272.000,1.000,1.000,26.400,,-0.004900,-0.007,-0.007,-0.006,-0.006,-0.006
84577,2002/05/30,,11,1,5521,17273730,KMX,CIRCUIT CITY STORES INC,,KMX,,N,A,R,20453,0,1,5521,17273730,,,,,,,,,55.000,552.000,,,,,,,,,,,,,,,24.800,26.150,25.630,1696400.000,-0.029167,25.600,25.650,36272.000,1.000,1.000,26.150,,-0.029167,-0.002,-0.002,-0.001,-0.001,-0.003
84577,2002/05/31,,11,1,5521,17273730,KMX,CIRCUIT CITY STORES INC,,KMX,,N,A,R,20453,0,1,5521,17273730,,,,,,,,0.000,55.000,552.000,,,,,,,,,,,,,,,25.550,26.950,26.470,890800.000,0.032774,26.360,26.600,37070.000,1.000,1.000,25.600,,0.032774,0.002,0.002,0.003,0.003,0.002
84577,2002/06/03,,11,1,5521,17273730,KMX,CIRCUIT CITY STORES INC,,KMX,,N,A,R,20453,0,1,5521,17273730,,,,,,,,,55.000,552.000,,,,,,,,,,,,,,,24.920,26.650,24.950,938300.000,-0.057423,24.940,24.950,37070.000,1.000,1.000,26.480,,-0.057423,-0.024,-0.024,-0.018,-0.018,-0.025
84577,2002/06/04,,11,1,5521,17273730,KMX,CIRCUIT CITY STORES INC,,KMX,,N,A,R,20453,0,1,5521,17273730,,,,,,,,,55.000,552.000,,,,,,,,,,,,,,,23.800,25.250,24.620,898100.000,-0.013226,24.510,24.800,37070.000,1.000,1.000,24.950,,-0.013226,-0.001,-0.001,-0.004,-0.004,0.000
84577,2002/06/05,,11,1,5521,17273730,KMX,CIRCUIT CITY STORES INC,,KMX,,N,A,R,20453,0,1,5521,17273730,,,,,,,,,55.000,552.000,,,,,,,,,,,,,,,24.580,26.750,25.230,959500.000,0.024777,25.110,25.350,37070.000,1.000,1.000,24.580,,0.024777,0.008,0.007,0.000,0.000,0.009
84577,2002/06/06,,11,1,5521,17273730,KMX,CIRCUIT CITY STORES INC,,KMX,,N,A,R,20453,0,1,5521,17273730,,,,,,,,,55.000,552.000,,,,,,,,,,,,,,,24.200,25.660,24.280,1074200.000,-0.037654,24.110,24.410,37070.000,1.000,1.000,25.250,,-0.037654,-0.018,-0.018,-0.015,-0.015,-0.020
84577,2002/06/07,,11,1,5521,17273730,KMX,CIRCUIT CITY STORES INC,,KMX,,N,A,R,20453,0,1,5521,17273730,,,,,,,,,55.000,552.000,,,,,,,,,,,,,,,23.250,24.280,23.600,1481800.000,-0.028007,23.490,23.720,37070.000,1.000,1.000,24.050,,-0.028007,-0.000,-0.000,0.002,0.002,-0.002
84577,2002/06/10,,11,1,5521,17273730,KMX,CIRCUIT CITY STORES INC,,KMX,,N,A,R,20453,0,1,5521,17273730,,,,,,,,,55.000,552.000,,,,,,,,,,,,,,,23.350,24.950,24.850,1015600.000,0.052966,24.760,24.830,37070.000,1.000,1.000,23.550,,0.052966,0.002,0.002,-0.003,-0.003,0.003
84577,2002/06/11,,11,1,5521,17273730,KMX,CIRCUIT CITY STORES INC,,KMX,,N,A,R,20453,0,1,5521,17273730,,,,,,,,,55.000,552.000,,,,,,,,,,,,,,,23.600,25.310,23.900,646500.000,-0.038229,23.800,23.900,37070.000,1.000,1.000,24.850,,-0.038229,-0.016,-0.016,-0.009,-0.009,-0.017
84577,2002/06/12,,11,1,5521,17273730,KMX,CIRCUIT CITY STORES INC,,KMX,,N,A,R,20453,0,1,5521,17273730,,,,,,,,,55.000,552.000,,,,,,,,,,,,,,,22.250,23.980,23.780,946300.000,-0.005021,23.690,23.790,37070.000,1.000,1.000,23.900,,-0.005021,0.005,0.004,-0.004,-0.005,0.007
84577,2002/06/13,,11,1,5521,17273730,KMX,CIRCUIT CITY STORES INC,,KMX,,N,A,R,20453,0,1,5521,17273730,,,,,,,,,55.000,552.000,,,,,,,,,,,,,,,22.900,24.150,23.120,792300.000,-0.027754,23.110,23.130,37070.000,1.000,1.000,24.000,,-0.027754,-0.010,-0.010,-0.007,-0.007,-0.010
84577,2002/06/14,,11,1,5521,17273730,KMX,CIRCUIT CITY STORES INC,,KMX,,N,A,R,20453,0,1,5521,17273730,,,,,,,,,55.000,552.000,,,,,,,,,,,,,,,21.950,23.600,22.650,1264700.000,-0.020329,22.590,22.650,37070.000,1.000,1.000,22.870,,-0.020329,-0.001,-0.001,0.000,0.000,-0.002
84577,2002/06/17,,11,1,5521,17273730,KMX,CIRCUIT CITY STORES INC,,KMX,,N,A,R,20453,0,1,5521,17273730,,,,,,,,,55.000,552.000,,,,,,,,,,,,,,,21.450,23.700,23.250,1755200.000,0.026490,23.170,23.410,37070.000,1.000,1.000,21.900,,0.026490,0.027,0.027,0.015,0.015,0.029
84577,2002/06/18,,11,1,5521,17273730,KMX,CIRCUIT CITY STORES INC,,KMX,,N,A,R,20453,0,1,5521,17273730,,,,,,,,,55.000,552.000,,,,,,,,,,,,,,,22.250,23.500,23.420,1117900.000,0.007312,23.270,23.550,37070.000,1.000,1.000,22.900,,0.007312,0.000,0.000,-0.000,-0.001,0.001
84577,2002/06/19,,11,1,5521,17273730,KMX,CIRCUIT CITY STORES INC,,KMX,,N,A,R,20453,0,1,5521,17273730,,,,,,,,,55.000,552.000,,,,,,,,,,,,,,,23.150,24.580,23.640,639700.000,0.009394,23.600,23.650,37070.000,1.000,1.000,23.390,,0.009394,-0.016,-0.016,-0.014,-0.015,-0.017
84577,2002/06/20,,11,1,5521,17273730,KMX,CIRCUIT CITY STORES INC,,KMX,,N,A,R,20453,0,1,5521,17273730,,,,,,,,,55.000,552.000,,,,,,,,,,,,,,,22.150,24.380,22.800,1072300.000,-0.035533,22.610,22.750,37070.000,1.000,1.000,23.640,,-0.035533,-0.013,-0.013,-0.004,-0.004,-0.013
84577,2002/06/21,,11,1,5521,17273730,KMX,CIRCUIT CITY STORES INC,,KMX,,N,A,R,20453,0,1,5521,17273730,,,,,,,,,55.000,552.000,,,,,,,,,,,,,,,21.800,23.250,22.550,613500.000,-0.010965,22.410,22.500,37070.000,1.000,1.000,22.780,,-0.010965,-0.014,-0.014,-0.002,-0.002,-0.017
84577,2002/06/24,,11,1,5521,17273730,KMX,CIRCUIT CITY STORES INC,,KMX,,N,A,R,20453,0,1,5521,17273730,,,,,,,,,55.000,552.000,,,,,,,,,,,,,,,21.490,22.530,21.910,956200.000,-0.028381,21.790,22.010,37070.000,1.000,1.000,22.520,,-0.028381,0.001,0.001,-0.005,-0.005,0.004
84577,2002/06/25,,11,1,5521,17273730,KMX,CIRCUIT CITY STORES INC,,KMX,,N,A,R,20453,0,1,5521,17273730,,,,,,,,,55.000,552.000,,,,,,,,,,,,,,,21.150,22.750,21.380,576000.000,-0.024190,21.350,21.400,37070.000,1.000,1.000,22.100,,-0.024190,-0.015,-0.015,-0.008,-0.008,-0.017
84577,2002/06/26,,11,1,5521,17273730,KMX,CIRCUIT CITY STORES INC,,KMX,,N,A,R,20453,0,1,5521,17273730,,,,,,,,,55.000,552.000,,,,,,,,,,,,,,,20.050,21.200,21.150,510000.000,-0.010758,21.150,21.250,37070.000,1.000,1.000,20.950,,-0.010758,-0.003,-0.004,-0.008,-0.009,-0.003
84577,2002/06/27,,11,1,5521,17273730,KMX,CIRCUIT CITY STORES INC,,KMX,,N,A,R,20453,0,1,5521,17273730,,,,,,,,,55.000,552.000,,,,,,,,,,,,,,,20.710,22.200,21.950,743600.000,0.037825,21.850,22.060,37070.000,1.000,1.000,22.000,,0.037825,0.016,0.016,0.012,0.011,0.018
84577,2002/06/28,,11,1,5521,17273730,KMX,CIRCUIT CITY STORES INC,,KMX,,N,A,R,20453,0,1,5521,17273730,,,,,,,,0.000,55.000,552.000,,,,,,,,,,,,,,,21.490,22.500,21.650,933300.000,-0.013667,21.930,22.150,37104.000,1.000,1.000,22.000,,-0.013667,0.002,0.002,0.012,0.012,-0.001
84577,2002/07/01,,11,1,5521,17273730,KMX,CIRCUIT CITY STORES INC,,KMX,,N,A,R,20453,0,1,5521,17273730,,,,,,,,,55.000,552.000,,,,,,,,,,,,,,,20.290,22.050,20.500,1637300.000,-0.053118,20.340,20.590,37104.000,1.000,1.000,21.750,,-0.053118,-0.022,-0.022,-0.019,-0.019,-0.021
84577,2002/07/02,,11,1,5521,17273730,KMX,CIRCUIT CITY STORES INC,,KMX,,N,A,R,20453,0,1,5521,17273730,,,,,,,,,55.000,552.000,,,,,,,,,,,,,,,18.600,20.590,19.300,1719400.000,-0.058537,19.200,19.480,37104.000,1.000,1.000,20.500,,-0.058537,-0.022,-0.023,-0.023,-0.023,-0.021
84577,2002/07/03,,11,1,5521,17273730,KMX,CIRCUIT CITY STORES INC,,KMX,,N,A,R,20453,0,1,5521,17273730,,,,,,,,,55.000,552.000,,,,,,,,,,,,,,,18.500,19.750,19.450,693600.000,0.007772,19.460,19.690,37104.000,1.000,1.000,19.310,,0.007772,0.004,0.004,-0.005,-0.005,0.006
84577,2002/07/05,,11,1,5521,17273730,KMX,CIRCUIT CITY STORES INC,,KMX,,N,A,R,20453,0,1,5521,17273730,,,,,,,,,55.000,552.000,,,,,,,,,,,,,,,19.700,20.720,20.360,299900.000,0.046787,20.250,20.370,37104.000,1.000,1.000,19.700,,0.046787,0.034,0.034,0.022,0.022,0.037
84577,2002/07/08,,11,1,5521,17273730,KMX,CIRCUIT CITY STORES INC,,KMX,,N,A,R,20453,0,1,5521,17273730,,,,,,,,,55.000,552.000,,,,,,,,,,,,,,,19.840,20.850,20.250,449400.000,-0.005403,19.950,20.210,37104.000,1.000,1.000,20.500,,-0.005403,-0.011,-0.012,-0.008,-0.008,-0.012
84577,2002/07/09,,11,1,5521,17273730,KMX,CIRCUIT CITY STORES INC,,KMX,,N,A,R,20453,0,1,5521,17273730,,,,,,,,,55.000,552.000,,,,,,,,,,,,,,,20.200,20.900,20.200,881100.000,-0.002469,20.200,20.240,37104.000,1.000,1.000,20.250,,-0.002469,-0.022,-0.022,-0.007,-0.007,-0.025
84577,2002/07/10,,11,1,5521,17273730,KMX,CIRCUIT CITY STORES INC,,KMX,,N,A,R,20453,0,1,5521,17273730,,,,,,,,,55.000,552.000,,,,,,,,,,,,,,,18.600,20.600,18.990,1108700.000,-0.059901,18.980,18.990,37104.000,1.000,1.000,20.600,,-0.059901,-0.030,-0.030,-0.016,-0.016,-0.034
84577,2002/07/11,,11,1,5521,17273730,KMX,CIRCUIT CITY STORES INC,,KMX,,N,A,R,20453,0,1,5521,17273730,,,,,,,,,55.000,552.000,,,,,,,,,,,,,,,17.990,19.240,18.500,588200.000,-0.025803,18.380,18.670,37104.000,1.000,1.000,18.840,,-0.025803,0.005,0.005,-0.004,-0.004,0.007
84577,2002/07/12,,11,1,5521,17273730,KMX,CIRCUIT CITY STORES INC,,KMX,,N,A,R,20453,0,1,5521,17273730,,,,,,,,,55.000,552.000,,,,,,,,,,,,,,,18.400,19.450,18.520,383400.000,0.001081,18.500,18.510,37104.000,1.000,1.000,18.500,,0.001081,-0.006,-0.006,-0.002,-0.002,-0.006
84577,2002/07/15,,11,1,5521,17273730,KMX,CIRCUIT CITY STORES INC,,KMX,,N,A,R,20453,0,1,5521,17273730,,,,,,,,,55.000,552.000,,,,,,,,,,,,,,,17.100,18.420,18.120,915700.000,-0.021598,17.970,18.060,37104.000,1.000,1.000,18.420,,-0.021598,-0.005,-0.005,-0.010,-0.010,-0.004
84577,2002/07/16,,11,1,5521,17273730,KMX,CIRCUIT CITY STORES INC,,KMX,,N,A,R,20453,0,1,5521,17273730,,,,,,,,,55.000,552.000,,,,,,,,,,,,,,,17.680,18.450,18.050,496900.000,-0.003863,17.900,18.150,37104.000,1.000,1.000,18.120,,-0.003863,-0.014,-0.014,-0.000,-0.000,-0.018
84577,2002/07/17,,11,1,5521,17273730,KMX,CIRCUIT CITY STORES INC,,KMX,,N,A,R,20453,0,1,5521,17273730,,,,,,,,,55.000,552.000,,,,,,,,,,,,,,,16.740,18.550,17.750,713000.000,-0.016620,17.750,17.860,37104.000,1.000,1.000,18.100,,-0.016620,0.006,0.006,0.005,0.005,0.006
84577,2002/07/18,,11,1,5521,17273730,KMX,CIRCUIT CITY STORES INC,,KMX,,N,A,R,20453,0,1,5521,17273730,,,,,,,,,55.000,552.000,,,,,,,,,,,,,,,17.050,18.220,17.250,543200.000,-0.028169,17.160,17.200,37104.000,1.000,1.000,17.700,,-0.028169,-0.025,-0.025,-0.014,-0.014,-0.027
84577,2002/07/19,,11,1,5521,17273730,KMX,CIRCUIT CITY STORES INC,,KMX,,N,A,R,20453,0,1,5521,17273730,,,,,,,,,55.000,552.000,,,,,,,,,,,,,,,16.410,17.150,16.630,352700.000,-0.035942,16.510,16.560,37104.000,1.000,1.000,17.000,,-0.035942,-0.033,-0.033,-0.019,-0.019,-0.038
84577,2002/07/22,,11,1,5521,17273730,KMX,CIRCUIT CITY STORES INC,,KMX,,N,A,R,20453,0,1,5521,17273730,,,,,,,,,55.000,552.000,,,,,,,,,,,,,,,15.480,16.630,15.490,1264100.000,-0.068551,15.390,15.600,37104.000,1.000,1.000,16.630,,-0.068551,-0.032,-0.032,-0.021,-0.021,-0.033
84577,2002/07/23,,11,1,5521,17273730,KMX,CIRCUIT CITY STORES INC,,KMX,,N,A,R,20453,0,1,5521,17273730,,,,,,,,,55.000,552.000,,,,,,,,,,,,,,,15.010,16.100,15.450,1156100.000,-0.002582,15.120,15.450,37104.000,1.000,1.000,15.400,,-0.002582,-0.030,-0.030,-0.031,-0.031,-0.027
84577,2002/07/24,,11,1,5521,17273730,KMX,CIRCUIT CITY STORES INC,,KMX,,N,A,R,20453,0,1,5521,17273730,,,,,,,,,55.000,552.000,,,,,,,,,,,,,,,14.700,17.300,17.180,552000.000,0.111974,17.000,17.290,37104.000,1.000,1.000,15.200,,0.111974,0.052,0.052,0.018,0.018,0.057
84577,2002/07/25,,11,1,5521,17273730,KMX,CIRCUIT CITY STORES INC,,KMX,,N,A,R,20453,0,1,5521,17273730,,,,,,,,,55.000,552.000,,,,,,,,,,,,,,,16.090,17.500,16.500,568200.000,-0.039581,16.540,16.560,37104.000,1.000,1.000,17.180,,-0.039581,-0.006,-0.006,-0.003,-0.003,-0.006
84577,2002/07/26,,11,1,5521,17273730,KMX,CIRCUIT CITY STORES INC,,KMX,,N,A,R,20453,0,1,5521,17273730,,,,,,,,,55.000,552.000,,,,,,,,,,,,,,,16.590,17.200,16.920,356100.000,0.025455,16.890,16.920,37104.000,1.000,1.000,16.590,,0.025455,0.015,0.015,0.007,0.007,0.017
84577,2002/07/29,,11,1,5521,17273730,KMX,CIRCUIT CITY STORES INC,,KMX,,N,A,R,20453,0,1,5521,17273730,,,,,,,,,55.000,552.000,,,,,,,,,,,,,,,16.920,19.310,18.960,563000.000,0.120567,18.980,19.100,37104.000,1.000,1.000,16.920,,0.120567,0.053,0.053,0.035,0.035,0.054
84577,2002/07/30,,11,1,5521,17273730,KMX,CIRCUIT CITY STORES INC,,KMX,,N,A,R,20453,0,1,5521,17273730,,,,,,,,,55.000,552.000,,,,,,,,,,,,,,,17.960,18.980,18.450,630100.000,-0.026899,18.300,18.530,37104.000,1.000,1.000,18.800,,-0.026899,0.005,0.005,0.005,0.005,0.004
84577,2002/07/31,,11,1,5521,17273730,KMX,CIRCUIT CITY STORES INC,,KMX,,N,A,R,20453,0,1,5521,17273730,,,,,,,,0.000,55.000,552.000,,,,,,,,,,,,,,,17.560,18.500,17.700,285900.000,-0.040650,17.550,17.790,37064.000,1.000,1.000,18.250,,-0.040650,0.006,0.005,-0.004,-0.004,0.010
