PERMNO,date,NAMEENDT,SHRCD,EXCHCD,SICCD,NCUSIP,TICKER,COMNAM,SHRCLS,TSYMBOL,NAICS,PRIMEXCH,TRDSTAT,SECSTAT,PERMCO,ISSUNO,HEXCD,HSICCD,CUSIP,DCLRDT,DLAMT,DLPDT,DLSTCD,NEXTDT,PAYDT,RCRDDT,SHRFLG,HSICMG,HSICIG,DISTCD,DIVAMT,FACPR,FACSHR,ACPERM,ACCOMP,NWPERM,DLRETX,DLPRC,DLRET,TRTSCD,NMSIND,MMCNT,NSDINX,BIDLO,ASKHI,PRC,VOL,RET,BID,ASK,SHROUT,CFACPR,CFACSHR,OPENPRC,NUMTRD,RETX,vwretd,vwretx,ewretd,ewretx,sprtrn
75104,2001/01/02,,11,1,4841,92552410,VIA,VIACOM INC,A,,,N,A,R,21866,0,1,4833,12485710,,,,,,,,,,,,,,,,,,,,,,,,,45.062,46.750,45.438,168500.000,-0.033245,44.812,45.938,138900.000,1.294,0.500,46.750,,-0.033245,-0.034,-0.034,-0.001,-0.001,-0.028
75104,2001/01/03,,11,1,4841,92552410,VIA,VIACOM INC,A,,,N,A,R,21866,0,1,4833,12485710,,,,,,,,,,,,,,,,,,,,,,,,,44.688,53.750,53.000,428000.000,0.166437,52.438,53.500,138900.000,1.294,0.500,45.000,,0.166437,0.053,0.053,0.046,0.046,0.050
75104,2001/01/04,,11,1,4841,92552410,VIA,VIACOM INC,A,,,N,A,R,21866,0,1,4833,12485710,,,,,,,,,,,,,,,,,,,,,,,,,53.625,56.875,56.062,893100.000,0.057783,,,138900.000,1.294,0.500,53.625,,0.057783,-0.012,-0.012,0.011,0.011,-0.011
75104,2001/01/05,,11,1,4841,92552410,VIA,VIACOM INC,A,,,N,A,R,21866,0,1,4833,12485710,,,,,,,,,,,,,,,,,,,,,,,,,52.938,55.125,53.812,278300.000,-0.040134,,,138900.000,1.294,0.500,55.125,,-0.040134,-0.029,-0.029,-0.009,-0.009,-0.026
75104,2001/01/08,,11,1,4841,92552410,VIA,VIACOM INC,A,,,N,A,R,21866,0,1,4833,12485710,,,,,,,,,,,,,,,,,,,,,,,,,50.062,53.625,51.000,381300.000,-0.052265,50.375,51.500,138900.000,1.294,0.500,53.500,,-0.052265,-0.003,-0.004,-0.005,-0.005,-0.002
75104,2001/01/09,,11,1,4841,92552410,VIA,VIACOM INC,A,,,N,A,R,21866,0,1,4833,12485710,,,,,,,,,,,,,,,,,,,,,,,,,50.312,51.438,51.062,206700.000,0.001225,50.562,51.688,138900.000,1.294,0.500,51.250,,0.001225,0.005,0.005,0.012,0.012,0.004
75104,2001/01/10,,11,1,4841,92552410,VIA,VIACOM INC,A,,,N,A,R,21866,0,1,4833,12485710,,,,,,,,,,,,,,,,,,,,,,,,,50.188,52.125,51.438,257000.000,0.007344,50.812,51.938,138900.000,1.294,0.500,51.125,,0.007344,0.014,0.014,0.021,0.020,0.010
75104,2001/01/11,,11,1,4841,92552410,VIA,VIACOM INC,A,,,N,A,R,21866,0,1,4833,12485710,,,,,,,,,,,,,,,,,,,,,,,,,51.000,56.688,54.750,458400.000,0.064399,54.250,55.438,138900.000,1.294,0.500,51.000,,0.064399,0.015,0.015,0.027,0.027,0.010
75104,2001/01/12,,11,1,4841,92552410,VIA,VIACOM INC,A,,,N,A,R,21866,0,1,4833,12485710,,,,,,,,,,,,,,,,,,,,,,,,,56.375,58.625,56.500,717200.000,0.031963,55.938,57.062,138900.000,1.294,0.500,56.688,,0.031963,-0.004,-0.004,0.019,0.019,-0.006
75104,2001/01/16,,11,1,4841,92552410,VIA,VIACOM INC,A,,,N,A,R,21866,0,1,4833,12485710,,,,,,,,,,,,,,,,,,,,,,,,,54.750,56.875,56.875,455300.000,0.006637,56.250,57.375,138900.000,1.294,0.500,54.750,,0.006637,0.006,0.006,0.019,0.019,0.006
75104,2001/01/17,,11,1,4841,92552410,VIA,VIACOM INC,A,,,N,A,R,21866,0,1,4833,12485710,,,,,,,,,,,,,,,,,,,,,,,,,57.500,59.188,57.688,573200.000,0.014286,57.125,58.250,138900.000,1.294,0.500,58.500,,0.014286,0.004,0.004,0.013,0.013,0.002
75104,2001/01/18,,11,1,4841,92552410,VIA,VIACOM INC,A,,,N,A,R,21866,0,1,4833,12485710,,,,,,,,,,,,,,,,,,,,,,,,,57.312,59.125,58.812,534900.000,0.019502,58.312,59.500,138900.000,1.294,0.500,58.625,,0.019502,0.012,0.012,0.009,0.008,0.014
75104,2001/01/19,,11,1,4841,92552410,VIA,VIACOM INC,A,,,N,A,R,21866,0,1,4833,12485710,,,,,,,,,,,,,,,,,,,,,,,,,57.375,59.000,58.062,609200.000,-0.012752,57.375,58.625,138900.000,1.294,0.500,58.562,,-0.012752,-0.004,-0.004,0.004,0.004,-0.004
75104,2001/01/22,,11,1,4841,92552410,VIA,VIACOM INC,A,,,N,A,R,21866,0,1,4833,12485710,,,,,,,,,,,,,,,,,,,,,,,,,55.125,56.750,55.562,584400.000,-0.043057,54.938,56.125,138900.000,1.294,0.500,56.500,,-0.043057,0.000,0.000,0.005,0.005,0.000
75104,2001/01/23,,11,1,4841,92552410,VIA,VIACOM INC,A,,,N,A,R,21866,0,1,4833,12485710,,,,,,,,,,,,,,,,,,,,,,,,,55.875,57.750,57.688,254400.000,0.038245,57.188,58.250,138900.000,1.294,0.500,55.875,,0.038245,0.016,0.016,0.015,0.015,0.013
75104,2001/01/24,,11,1,4841,92552410,VIA,VIACOM INC,A,,,N,A,R,21866,0,1,4833,12485710,,,,,,,,,,,,,,,,,,,,,,,,,56.750,59.500,58.062,296700.000,0.006501,57.500,58.625,138900.000,1.294,0.500,57.938,,0.006501,0.003,0.003,0.007,0.007,0.003
75104,2001/01/25,,11,1,4841,92552410,VIA,VIACOM INC,A,,,N,A,R,21866,0,1,4833,12485710,,,,,,,,,,,,,,,,,,,,,,,,,56.938,58.750,57.062,421700.000,-0.017223,56.500,57.625,138900.000,1.294,0.500,57.875,,-0.017223,-0.008,-0.008,-0.003,-0.003,-0.005
75104,2001/01/26,,11,1,4841,92552410,VIA,VIACOM INC,A,,,N,A,R,21866,0,1,4833,12485710,,,,,,,,,,,,,,,,,,,,,,,,,53.188,56.000,54.000,548800.000,-0.053669,53.438,54.562,138900.000,1.294,0.500,56.000,,-0.053669,-0.001,-0.001,0.002,0.002,-0.002
75104,2001/01/29,,11,1,4841,92552410,VIA,VIACOM INC,A,,,N,A,R,21866,0,1,4833,12485710,,,,,,,,,,,,,,,,,,,,,,,,,54.150,56.550,56.250,523100.000,0.041667,56.250,58.000,138900.000,1.294,0.500,54.500,,0.041667,0.009,0.009,0.010,0.010,0.007
75104,2001/01/30,,11,1,4841,92552410,VIA,VIACOM INC,A,,,N,A,R,21866,0,1,4833,12485710,,,,,,,,,,,,,,,,,,,,,,,,,55.050,57.750,57.650,328400.000,0.024889,,,138900.000,1.294,0.500,56.800,,0.024889,0.007,0.007,0.010,0.009,0.007
75104,2001/01/31,,11,1,4841,92552410,VIA,VIACOM INC,A,,,N,A,R,21866,0,1,4833,12485710,,,,,,,,0.000,,,,,,,,,,,,,,,,,55.350,57.750,55.990,524100.000,-0.028794,55.400,56.500,138900.000,1.294,0.500,57.000,,-0.028794,-0.007,-0.007,-0.000,-0.000,-0.006
75104,2001/02/01,,11,1,4841,92552410,VIA,VIACOM INC,A,,,N,A,R,21866,0,1,4833,12485710,,,,,,,,,,,,,,,,,,,,,,,,,55.990,58.300,57.360,520000.000,0.024469,56.800,57.860,138900.000,1.294,0.500,55.990,,0.024469,0.004,0.004,0.002,0.002,0.005
75104,2001/02/02,,11,1,4841,92552410,VIA,VIACOM INC,A,,,N,A,R,21866,0,1,4833,12485710,,,,,,,,,,,,,,,,,,,,,,,,,54.650,56.750,55.030,391100.000,-0.040621,54.500,55.540,138900.000,1.294,0.500,56.500,,-0.040621,-0.019,-0.019,-0.009,-0.009,-0.017
75104,2001/02/05,,11,1,4841,92552410,VIA,VIACOM INC,A,,,N,A,R,21866,0,1,4833,12485710,,,,,,,,,,,,,,,,,,,,,,,,,53.900,55.280,54.350,242700.000,-0.012357,53.800,54.890,138900.000,1.294,0.500,55.280,,-0.012357,0.002,0.002,-0.004,-0.004,0.004
75104,2001/02/06,,11,1,4841,92552410,VIA,VIACOM INC,A,,,N,A,R,21866,0,1,4833,12485710,,,,,,,,,,,,,,,,,,,,,,,,,52.750,54.350,53.150,444500.000,-0.022079,,,138900.000,1.294,0.500,54.350,,-0.022079,0.000,0.000,0.002,0.002,-0.002
75104,2001/02/07,,11,1,4841,92552410,VIA,VIACOM INC,A,,,N,A,R,21866,0,1,4833,12485710,,,,,,,,,,,,,,,,,,,,,,,,,52.720,54.850,53.410,336000.000,0.004892,,,138900.000,1.294,0.500,53.150,,0.004892,-0.009,-0.009,-0.004,-0.004,-0.008
75104,2001/02/08,,11,1,4841,92552410,VIA,VIACOM INC,A,,,N,A,R,21866,0,1,4833,12485710,,,,,,,,,,,,,,,,,,,,,,,,,53.550,55.210,53.650,326100.000,0.004494,53.150,54.250,138900.000,1.294,0.500,53.550,,0.004494,-0.006,-0.007,-0.003,-0.003,-0.006
75104,2001/02/09,,11,1,4841,92552410,VIA,VIACOM INC,A,,,N,A,R,21866,0,1,4833,12485710,,,,,,,,,,,,,,,,,,,,,,,,,52.380,54.200,53.250,364400.000,-0.007456,,,138900.000,1.294,0.500,53.660,,-0.007456,-0.014,-0.014,-0.009,-0.009,-0.013
75104,2001/02/12,,11,1,4841,92552410,VIA,VIACOM INC,A,,,N,A,R,21866,0,1,4833,12485710,,,,,,,,,,,,,,,,,,,,,,,,,53.100,54.150,54.000,333100.000,0.014085,,,138900.000,1.294,0.500,53.260,,0.014085,0.010,0.010,0.005,0.005,0.012
75104,2001/02/13,,11,1,4841,92552410,VIA,VIACOM INC,A,,,N,A,R,21866,0,1,4833,12485710,,,,,,,,,,,,,,,,,,,,,,,,,53.470,54.890,53.710,231100.000,-0.005370,,,138900.000,1.294,0.500,54.250,,-0.005370,-0.009,-0.009,-0.003,-0.004,-0.009
75104,2001/02/14,,11,1,4841,92552410,VIA,VIACOM INC,A,,,N,A,R,21866,0,1,4833,12485710,,,,,,,,,,,,,,,,,,,,,,,,,51.540,54.030,54.030,476200.000,0.005958,,,138900.000,1.294,0.500,53.400,,0.005958,-0.000,-0.000,-0.000,-0.001,-0.002
75104,2001/02/15,,11,1,4841,92552410,VIA,VIACOM INC,A,,,N,A,R,21866,0,1,4833,12485710,,,,,,,,,,,,,,,,,,,,,,,,,53.660,54.750,54.450,261200.000,0.007773,,,138900.000,1.294,0.500,54.050,,0.007773,0.009,0.009,0.009,0.009,0.008
75104,2001/02/16,,11,1,4841,92552410,VIA,VIACOM INC,A,,,N,A,R,21866,0,1,4833,12485710,,,,,,,,,,,,,,,,,,,,,,,,,52.510,54.350,53.140,351800.000,-0.024059,,,138900.000,1.294,0.500,54.350,,-0.024059,-0.021,-0.021,-0.014,-0.014,-0.019
75104,2001/02/20,,11,1,4841,92552410,VIA,VIACOM INC,A,,,N,A,R,21866,0,1,4833,12485710,,,,,,,,,,,,,,,,,,,,,,,,,52.080,53.010,52.200,316900.000,-0.017689,,,138900.000,1.294,0.500,53.000,,-0.017689,-0.019,-0.019,-0.012,-0.012,-0.017
75104,2001/02/21,,11,1,4841,92552410,VIA,VIACOM INC,A,,,N,A,R,21866,0,1,4833,12485710,,,,,,,,,,,,,,,,,,,,,,,,,52.290,54.320,53.630,780900.000,0.027395,,,138900.000,1.294,0.500,52.300,,0.027395,-0.018,-0.018,-0.016,-0.016,-0.019
75104,2001/02/22,,11,1,4841,92552410,VIA,VIACOM INC,A,,,N,A,R,21866,0,1,4833,12485710,,,,,,,,,,,,,,,,,,,,,,,,,51.800,53.600,52.310,626700.000,-0.024613,,,138900.000,1.294,0.500,53.550,,-0.024613,-0.005,-0.005,-0.011,-0.011,-0.002
75104,2001/02/23,,11,1,4841,92552410,VIA,VIACOM INC,A,,,N,A,R,21866,0,1,4833,12485710,,,,,,,,,,,,,,,,,,,,,,,,,50.300,51.730,51.550,340200.000,-0.014529,,,138900.000,1.294,0.500,51.300,,-0.014529,-0.004,-0.004,-0.003,-0.003,-0.006
75104,2001/02/26,,11,1,4841,92552410,VIA,VIACOM INC,A,,,N,A,R,21866,0,1,4833,12485710,,,,,,,,,,,,,,,,,,,,,,,,,50.670,51.830,51.760,268600.000,0.004074,51.100,52.290,138900.000,1.294,0.500,51.550,,0.004074,0.019,0.019,0.016,0.016,0.017
75104,2001/02/27,,11,1,4841,92552410,VIA,VIACOM INC,A,,,N,A,R,21866,0,1,4833,12485710,,,,,,,,,,,,,,,,,,,,,,,,,50.450,52.350,52.260,373700.000,0.009660,,,138900.000,1.294,0.500,51.500,,0.009660,-0.012,-0.012,-0.012,-0.012,-0.008
75104,2001/02/28,,11,1,4841,92552410,VIA,VIACOM INC,A,,,N,A,R,21866,0,1,4833,12485710,,,,,,,,0.000,,,,,,,,,,,,,,,,,50.430,52.310,50.490,275200.000,-0.033869,49.990,51.030,138900.000,1.294,0.500,52.310,,-0.033869,-0.014,-0.014,-0.008,-0.008,-0.014
75104,2001/03/01,,11,1,4841,92552410,VIA,VIACOM INC,A,,,N,A,R,21866,0,1,4833,12485710,,,,,,,,,,,,,,,,,,,,,,,,,49.050,50.550,49.850,330700.000,-0.012676,,,138900.000,1.294,0.500,50.240,,-0.012676,0.000,0.000,-0.006,-0.006,0.001
75104,2001/03/02,,11,1,4841,92552410,VIA,VIACOM INC,A,,,N,A,R,21866,0,1,4833,12485710,,,,,,,,,,,,,,,,,,,,,,,,,47.200,49.100,48.500,621700.000,-0.027081,48.000,49.010,138900.000,1.294,0.500,47.200,,-0.027081,-0.005,-0.005,0.005,0.005,-0.006
75104,2001/03/05,,11,1,4841,92552410,VIA,VIACOM INC,A,,,N,A,R,21866,0,1,4833,12485710,,,,,,,,,,,,,,,,,,,,,,,,,47.000,49.460,48.500,672600.000,0.000000,,,138900.000,1.294,0.500,48.400,,0.000000,0.005,0.005,0.002,0.002,0.006
75104,2001/03/06,,11,1,4841,92552410,VIA,VIACOM INC,A,,,N,A,R,21866,0,1,4833,12485710,,,,,,,,,,,,,,,,,,,,,,,,,49.150,50.600,49.620,512900.000,0.023093,,,138900.000,1.294,0.500,49.250,,0.023093,0.011,0.011,0.010,0.010,0.010
75104,2001/03/07,,11,1,4841,92552410,VIA,VIACOM INC,A,,,N,A,R,21866,0,1,4833,12485710,,,,,,,,,,,,,,,,,,,,,,,,,48.880,50.590,49.820,872000.000,0.004031,49.320,50.380,138900.000,1.294,0.500,50.450,,0.004031,0.006,0.006,0.006,0.005,0.006
75104,2001/03/08,,11,1,4841,92552410,VIA,VIACOM INC,A,,,N,A,R,21866,0,1,4833,12485710,,,,,,,,,,,,,,,,,,,,,,,,,49.100,50.990,49.860,389900.000,0.000803,,,138900.000,1.294,0.500,49.830,,0.000803,-0.001,-0.001,-0.004,-0.004,0.002
75104,2001/03/09,,11,1,4841,92552410,VIA,VIACOM INC,A,,,N,A,R,21866,0,1,4833,12485710,,,,,,,,,,,,,,,,,,,,,,,,,48.850,49.950,49.550,245300.000,-0.006217,,,138900.000,1.294,0.500,49.500,,-0.006217,-0.024,-0.024,-0.015,-0.015,-0.025
75104,2001/03/12,,11,1,4841,92552410,VIA,VIACOM INC,A,,,N,A,R,21866,0,1,4833,12485710,,,,,,,,,,,,,,,,,,,,,,,,,45.250,47.600,45.310,576500.000,-0.085570,,,138900.000,1.294,0.500,47.600,,-0.085570,-0.042,-0.042,-0.031,-0.031,-0.043
75104,2001/03/13,,11,1,4841,92552410,VIA,VIACOM INC,A,,,N,A,R,21866,0,1,4833,12485710,,,,,,,,,,,,,,,,,,,,,,,,,45.550,46.410,45.900,401500.000,0.013021,45.390,46.450,138900.000,1.294,0.500,45.800,,0.013021,0.015,0.015,0.005,0.005,0.015
75104,2001/03/14,,11,1,4841,92552410,VIA,VIACOM INC,A,,,N,A,R,21866,0,1,4833,12485710,,,,,,,,,,,,,,,,,,,,,,,,,44.250,47.200,45.550,385700.000,-0.007625,,,138900.000,1.294,0.500,44.420,,-0.007625,-0.025,-0.025,-0.018,-0.018,-0.026
75104,2001/03/15,,11,1,4841,92552410,VIA,VIACOM INC,A,,,N,A,R,21866,0,1,4833,12485710,,,,,,,,,,,,,,,,,,,,,,,,,46.020,48.300,47.730,352500.000,0.047860,,,138900.000,1.294,0.500,46.500,,0.047860,0.003,0.003,-0.000,-0.000,0.006
75104,2001/03/16,,11,1,4841,92552410,VIA,VIACOM INC,A,,,N,A,R,21866,0,1,4833,12485710,,,,,,,,,,,,,,,,,,,,,,,,,45.640,49.300,46.120,356100.000,-0.033731,,,138900.000,1.294,0.500,47.730,,-0.033731,-0.021,-0.021,-0.018,-0.018,-0.020
75104,2001/03/19,,11,1,4841,92552410,VIA,VIACOM INC,A,,,N,A,R,21866,0,1,4833,12485710,,,,,,,,,,,,,,,,,,,,,,,,,46.000,47.750,46.870,277300.000,0.016262,,,138900.000,1.294,0.500,46.120,,0.016262,0.019,0.019,0.009,0.009,0.018
75104,2001/03/20,,11,1,4841,92552410,VIA,VIACOM INC,A,,,N,A,R,21866,0,1,4833,12485710,,,,,,,,,,,,,,,,,,,,,,,,,44.650,47.400,44.880,425200.000,-0.042458,,,138900.000,1.294,0.500,46.870,,-0.042458,-0.023,-0.023,-0.008,-0.009,-0.024
75104,2001/03/21,,11,1,4841,92552410,VIA,VIACOM INC,A,,,N,A,R,21866,0,1,4833,12485710,,,,,,,,,,,,,,,,,,,,,,,,,40.100,43.840,41.950,665500.000,-0.065285,41.320,42.480,138900.000,1.294,0.500,43.750,,-0.065285,-0.019,-0.019,-0.016,-0.016,-0.018
75104,2001/03/22,,11,1,4841,92552410,VIA,VIACOM INC,A,,,N,A,R,21866,0,1,4833,12485710,,,,,,,,,,,,,,,,,,,,,,,,,38.400,41.900,39.790,707300.000,-0.051490,,,138900.000,1.294,0.500,40.750,,-0.051490,-0.004,-0.005,-0.011,-0.011,-0.004
75104,2001/03/23,,11,1,4841,92552410,VIA,VIACOM INC,A,,,N,A,R,21866,0,1,4833,12485710,,,,,,,,,,,,,,,,,,,,,,,,,40.850,42.600,42.600,343200.000,0.070621,,,138900.000,1.294,0.500,41.500,,0.070621,0.020,0.020,0.021,0.021,0.020
75104,2001/03/26,,11,1,4841,92552410,VIA,VIACOM INC,A,,,N,A,R,21866,0,1,4833,12485710,,,,,,,,,,,,,,,,,,,,,,,,,42.550,44.220,44.100,504300.000,0.035211,,,138900.000,1.294,0.500,42.550,,0.035211,0.011,0.011,0.007,0.007,0.011
75104,2001/03/27,,11,1,4841,92552410,VIA,VIACOM INC,A,,,N,A,R,21866,0,1,4833,12485710,,,,,,,,,,,,,,,,,,,,,,,,,43.650,46.430,46.250,379800.000,0.048753,,,138900.000,1.294,0.500,43.800,,0.048753,0.023,0.023,0.009,0.009,0.026
75104,2001/03/28,,11,1,4841,92552410,VIA,VIACOM INC,A,,,N,A,R,21866,0,1,4833,12485710,,,,,,,,,,,,,,,,,,,,,,,,,43.700,44.840,44.400,365100.000,-0.040000,,,138900.000,1.294,0.500,44.800,,-0.040000,-0.026,-0.026,-0.018,-0.018,-0.024
75104,2001/03/29,,11,1,4841,92552410,VIA,VIACOM INC,A,,,N,A,R,21866,0,1,4833,12485710,,,,,,,,,,,,,,,,,,,,,,,,,43.400,45.280,44.010,421300.000,-0.008784,,,138900.000,1.294,0.500,44.860,,-0.008784,-0.005,-0.005,-0.007,-0.007,-0.005
75104,2001/03/30,,11,1,4841,92552410,VIA,VIACOM INC,A,,,N,A,R,21866,0,1,4833,12485710,,,,,,,,0.000,,,,,,,,,,,,,,,,,43.410,45.050,44.500,600200.000,0.011134,44.330,44.650,137459.000,1.294,0.500,44.800,,0.011134,0.012,0.012,0.016,0.016,0.011
75104,2001/04/02,,11,1,4841,92552410,VIA,VIACOM INC,A,,,N,A,R,21866,0,1,4833,12485710,,,,,,,,,,,,,,,,,,,,,,,,,42.000,45.360,42.550,453600.000,-0.043820,,,137459.000,1.294,0.500,44.510,,-0.043820,-0.016,-0.016,-0.021,-0.021,-0.012
75104,2001/04/03,,11,1,4841,92552410,VIA,VIACOM INC,A,,,N,A,R,21866,0,1,4833,12485710,,,,,,,,,,,,,,,,,,,,,,,,,40.560,42.750,41.050,288800.000,-0.035253,,,137459.000,1.294,0.500,42.750,,-0.035253,-0.036,-0.036,-0.034,-0.034,-0.034
75104,2001/04/04,,11,1,4841,92552410,VIA,VIACOM INC,A,,,N,A,R,21866,0,1,4833,12485710,,,,,,,,,,,,,,,,,,,,,,,,,40.000,41.620,40.460,355400.000,-0.014373,,,137459.000,1.294,0.500,41.050,,-0.014373,-0.003,-0.003,-0.008,-0.008,-0.003
75104,2001/04/05,,11,1,4841,92552410,VIA,VIACOM INC,A,,,N,A,R,21866,0,1,4833,12485710,,,,,,,,,,,,,,,,,,,,,,,,,41.250,43.600,43.350,415800.000,0.071429,,,137459.000,1.294,0.500,41.250,,0.071429,0.046,0.046,0.039,0.039,0.044
75104,2001/04/06,,11,1,4841,92552410,VIA,VIACOM INC,A,,,N,A,R,21866,0,1,4833,12485710,,,,,,,,,,,,,,,,,,,,,,,,,42.500,45.740,45.000,506600.000,0.038062,,,137459.000,1.294,0.500,43.350,,0.038062,-0.020,-0.020,-0.013,-0.013,-0.020
75104,2001/04/09,,11,1,4841,92552410,VIA,VIACOM INC,A,,,N,A,R,21866,0,1,4833,12485710,,,,,,,,,,,,,,,,,,,,,,,,,44.800,46.150,45.000,287000.000,0.000000,,,137459.000,1.294,0.500,45.000,,0.000000,0.009,0.009,0.006,0.006,0.008
75104,2001/04/10,,11,1,4841,92552410,VIA,VIACOM INC,A,,,N,A,R,21866,0,1,4833,12485710,,,,,,,,,,,,,,,,,,,,,,,,,45.750,47.520,46.760,390200.000,0.039111,46.200,47.300,137459.000,1.294,0.500,46.250,,0.039111,0.029,0.029,0.023,0.023,0.027
75104,2001/04/11,,11,1,4841,92552410,VIA,VIACOM INC,A,,,N,A,R,21866,0,1,4833,12485710,,,,,,,,,,,,,,,,,,,,,,,,,45.950,47.500,46.890,310200.000,0.002780,,,137459.000,1.294,0.500,47.100,,0.002780,-0.001,-0.001,0.007,0.007,-0.002
75104,2001/04/12,,11,1,4841,92552410,VIA,VIACOM INC,A,,,N,A,R,21866,0,1,4833,12485710,,,,,,,,,,,,,,,,,,,,,,,,,45.600,47.300,47.000,247200.000,0.002346,,,137459.000,1.294,0.500,45.600,,0.002346,0.016,0.016,0.015,0.015,0.015
75104,2001/04/16,,11,1,4841,92552410,VIA,VIACOM INC,A,,,N,A,R,21866,0,1,4833,12485710,,,,,,,,,,,,,,,,,,,,,,,,,46.650,47.900,47.550,173800.000,0.011702,,,137459.000,1.294,0.500,46.990,,0.011702,-0.005,-0.005,-0.004,-0.004,-0.003
75104,2001/04/17,,11,1,4841,92552410,VIA,VIACOM INC,A,,,N,A,R,21866,0,1,4833,12485710,,,,,,,,,,,,,,,,,,,,,,,,,46.500,47.600,47.500,298200.000,-0.001052,,,137459.000,1.294,0.500,47.000,,-0.001052,0.010,0.010,0.005,0.005,0.010
75104,2001/04/18,,11,1,4841,92552410,VIA,VIACOM INC,A,,,N,A,R,21866,0,1,4833,12485710,,,,,,,,,,,,,,,,,,,,,,,,,47.900,52.300,52.150,596300.000,0.097895,,,137459.000,1.294,0.500,47.900,,0.097895,0.040,0.040,0.029,0.029,0.039
75104,2001/04/19,,11,1,4841,92552410,VIA,VIACOM INC,A,,,N,A,R,21866,0,1,4833,12485710,,,,,,,,,,,,,,,,,,,,,,,,,51.100,53.950,53.400,755500.000,0.023969,52.890,53.900,137459.000,1.294,0.500,52.150,,0.023969,0.015,0.015,0.016,0.016,0.013
75104,2001/04/20,,11,1,4841,92552410,VIA,VIACOM INC,A,,,N,A,R,21866,0,1,4833,12485710,,,,,,,,,,,,,,,,,,,,,,,,,53.000,55.000,54.200,533500.000,0.014981,53.700,54.750,137459.000,1.294,0.500,53.400,,0.014981,-0.008,-0.008,0.001,0.001,-0.009
75104,2001/04/23,,11,1,4841,92552410,VIA,VIACOM INC,A,,,N,A,R,21866,0,1,4833,12485710,,,,,,,,,,,,,,,,,,,,,,,,,52.010,53.960,53.100,563900.000,-0.020295,,,137459.000,1.294,0.500,53.950,,-0.020295,-0.017,-0.017,-0.008,-0.008,-0.015
75104,2001/04/24,,11,1,4841,92552410,VIA,VIACOM INC,A,,,N,A,R,21866,0,1,4833,12485710,,,,,,,,,,,,,,,,,,,,,,,,,50.700,53.000,51.300,242900.000,-0.033898,,,137459.000,1.294,0.500,53.000,,-0.033898,-0.011,-0.011,0.002,0.002,-0.012
75104,2001/04/25,,11,1,4841,92552410,VIA,VIACOM INC,A,,,N,A,R,21866,0,1,4833,12485710,,,,,,,,,,,,,,,,,,,,,,,,,50.300,52.800,52.700,372900.000,0.027290,,,137459.000,1.294,0.500,51.310,,0.027290,0.016,0.016,0.012,0.011,0.016
75104,2001/04/26,,11,1,4841,92552410,VIA,VIACOM INC,A,,,N,A,R,21866,0,1,4833,12485710,,,,,,,,,,,,,,,,,,,,,,,,,52.150,53.840,53.110,201500.000,0.007780,,,137459.000,1.294,0.500,52.750,,0.007780,0.005,0.005,0.008,0.007,0.005
75104,2001/04/27,,11,1,4841,92552410,VIA,VIACOM INC,A,,,N,A,R,21866,0,1,4833,12485710,,,,,,,,,,,,,,,,,,,,,,,,,51.000,52.650,51.590,533500.000,-0.028620,,,137459.000,1.294,0.500,52.590,,-0.028620,0.014,0.014,0.011,0.011,0.015
75104,2001/04/30,,11,1,4841,92552410,VIA,VIACOM INC,A,,,N,A,R,21866,0,1,4833,12485710,,,,,,,,0.000,,,,,,,,,,,,,,,,,51.150,53.220,52.500,293200.000,0.017639,,,137459.000,1.294,0.500,51.250,,0.017639,0.001,0.001,0.010,0.010,-0.003
75104,2001/05/01,,11,1,4841,92552410,VIA,VIACOM INC,A,,,N,A,R,21866,0,1,4833,12485710,,,,,,,,,,,,,,,,,,,,,,,,,52.450,54.750,54.750,240700.000,0.042857,,,137459.000,1.294,0.500,52.450,,0.042857,0.013,0.013,0.010,0.010,0.014
75104,2001/05/02,,11,1,4841,92552410,VIA,VIACOM INC,A,,,N,A,R,21866,0,1,4833,12485710,,,,,,,,,,,,,,,,,,,,,,,,,53.300,54.940,54.400,389800.000,-0.006393,,,137459.000,1.294,0.500,54.400,,-0.006393,0.003,0.003,0.012,0.012,0.001
75104,2001/05/03,,11,1,4841,92552410,VIA,VIACOM INC,A,,,N,A,R,21866,0,1,4833,12485710,,,,,,,,,,,,,,,,,,,,,,,,,52.150,53.150,52.860,293300.000,-0.028309,,,137459.000,1.294,0.500,53.050,,-0.028309,-0.015,-0.015,-0.005,-0.006,-0.015
75104,2001/05/04,,11,1,4841,92552410,VIA,VIACOM INC,A,,,N,A,R,21866,0,1,4833,12485710,,,,,,,,,,,,,,,,,,,,,,,,,52.000,53.850,53.200,258000.000,0.006432,,,137459.000,1.294,0.500,52.870,,0.006432,0.014,0.014,0.011,0.011,0.014
75104,2001/05/07,,11,1,4841,92552410,VIA,VIACOM INC,A,,,N,A,R,21866,0,1,4833,12485710,,,,,,,,,,,,,,,,,,,,,,,,,53.180,54.420,53.390,230800.000,0.003571,,,137459.000,1.294,0.500,53.500,,0.003571,-0.003,-0.003,0.001,0.001,-0.002
75104,2001/05/08,,11,1,4841,92552410,VIA,VIACOM INC,A,,,N,A,R,21866,0,1,4833,12485710,,,,,,,,,,,,,,,,,,,,,,,,,51.850,53.500,52.240,220100.000,-0.021540,,,137459.000,1.294,0.500,53.500,,-0.021540,-0.001,-0.001,0.005,0.005,-0.002
75104,2001/05/09,,11,1,4841,92552410,VIA,VIACOM INC,A,,,N,A,R,21866,0,1,4833,12485710,,,,,,,,,,,,,,,,,,,,,,,,,51.670,52.780,52.280,174100.000,0.000766,,,137459.000,1.294,0.500,52.150,,0.000766,-0.004,-0.004,0.001,0.001,-0.004
75104,2001/05/10,,11,1,4841,92552410,VIA,VIACOM INC,A,,,N,A,R,21866,0,1,4833,12485710,,,,,,,,,,,,,,,,,,,,,,,,,52.520,54.230,54.140,280700.000,0.035578,,,137459.000,1.294,0.500,52.520,,0.035578,-0.000,-0.001,0.003,0.003,-0.000
75104,2001/05/11,,11,1,4841,92552410,VIA,VIACOM INC,A,,,N,A,R,21866,0,1,4833,12485710,,,,,,,,,,,,,,,,,,,,,,,,,54.150,54.790,54.600,234900.000,0.008496,,,137459.000,1.294,0.500,54.200,,0.008496,-0.008,-0.008,-0.002,-0.002,-0.008
75104,2001/05/14,,11,1,4841,92552410,VIA,VIACOM INC,A,,,N,A,R,21866,0,1,4833,12485710,,,,,,,,,,,,,,,,,,,,,,,,,53.480,54.850,53.750,138500.000,-0.015568,,,137459.000,1.294,0.500,54.610,,-0.015568,0.001,0.001,-0.003,-0.003,0.003
75104,2001/05/15,,11,1,4841,92552410,VIA,VIACOM INC,A,,,N,A,R,21866,0,1,4833,12485710,,,,,,,,,,,,,,,,,,,,,,,,,52.610,53.850,52.700,192900.000,-0.019535,,,137459.000,1.294,0.500,53.850,,-0.019535,0.001,0.001,0.004,0.004,0.000
75104,2001/05/16,,11,1,4841,92552410,VIA,VIACOM INC,A,,,N,A,R,21866,0,1,4833,12485710,,,,,,,,,,,,,,,,,,,,,,,,,52.540,55.500,55.490,575100.000,0.052941,,,137459.000,1.294,0.500,52.800,,0.052941,0.027,0.027,0.010,0.010,0.028
75104,2001/05/17,,11,1,4841,92552410,VIA,VIACOM INC,A,,,N,A,R,21866,0,1,4833,12485710,,,,,,,,,,,,,,,,,,,,,,,,,55.490,58.400,57.660,837100.000,0.039106,,,137459.000,1.294,0.500,55.490,,0.039106,0.006,0.006,0.011,0.010,0.003
75104,2001/05/18,,11,1,4841,92552410,VIA,VIACOM INC,A,,,N,A,R,21866,0,1,4833,12485710,,,,,,,,,,,,,,,,,,,,,,,,,55.950,57.410,57.200,367600.000,-0.007978,,,137459.000,1.294,0.500,57.410,,-0.007978,0.003,0.003,0.005,0.005,0.003
75104,2001/05/21,,11,1,4841,92552410,VIA,VIACOM INC,A,,,N,A,R,21866,0,1,4833,12485710,,,,,,,,,,,,,,,,,,,,,,,,,56.850,59.690,59.580,361500.000,0.041608,59.430,59.700,137459.000,1.294,0.500,57.150,,0.041608,0.019,0.019,0.016,0.016,0.016
75104,2001/05/22,,11,1,4841,92552410,VIA,VIACOM INC,A,,,N,A,R,21866,0,1,4833,12485710,,,,,,,,,,,,,,,,,,,,,,,,,58.210,59.400,58.270,211700.000,-0.021987,58.150,58.400,137459.000,1.294,0.500,59.050,,-0.021987,-0.002,-0.002,0.007,0.007,-0.003
75104,2001/05/23,,11,1,4841,92552410,VIA,VIACOM INC,A,,,N,A,R,21866,0,1,4833,12485710,,,,,,,,,,,,,,,,,,,,,,,,,56.550,58.430,57.240,307600.000,-0.017676,57.120,57.340,137459.000,1.294,0.500,58.350,,-0.017676,-0.017,-0.017,-0.007,-0.007,-0.016
75104,2001/05/24,,11,1,4841,92552410,VIA,VIACOM INC,A,,,N,A,R,21866,0,1,4833,12485710,,,,,,,,,,,,,,,,,,,,,,,,,57.600,58.900,58.780,233500.000,0.026904,58.600,58.900,137459.000,1.294,0.500,57.600,,0.026904,0.004,0.004,0.006,0.005,0.003
75104,2001/05/25,,11,1,4841,92552410,VIA,VIACOM INC,A,,,N,A,R,21866,0,1,4833,12485710,,,,,,,,,,,,,,,,,,,,,,,,,58.190,59.080,58.200,163800.000,-0.009867,58.190,58.200,137459.000,1.294,0.500,58.780,,-0.009867,-0.010,-0.010,0.003,0.003,-0.012
75104,2001/05/29,,11,1,4841,92552410,VIA,VIACOM INC,A,,,N,A,R,21866,0,1,4833,12485710,,,,,,,,,,,,,,,,,,,,,,,,,56.520,57.750,56.780,162300.000,-0.024399,56.620,56.900,137459.000,1.294,0.500,57.500,,-0.024399,-0.010,-0.010,-0.008,-0.008,-0.008
75104,2001/05/30,,11,1,4841,92552410,VIA,VIACOM INC,A,,,N,A,R,21866,0,1,4833,12485710,,,,,,,,,,,,,,,,,,,,,,,,,55.800,57.100,55.960,160600.000,-0.014442,55.770,56.060,137459.000,1.294,0.500,56.530,,-0.014442,-0.018,-0.018,-0.016,-0.016,-0.016
75104,2001/05/31,,11,1,4841,92552410,VIA,VIACOM INC,A,,,N,A,R,21866,0,1,4833,12485710,,,,,,,,0.000,,,,,,,,,,,,,,,,,55.400,57.990,57.850,358700.000,0.033774,57.650,58.000,137459.000,1.294,0.500,56.200,,0.033774,0.008,0.008,0.007,0.007,0.006
75104,2001/06/01,,11,1,4841,92552410,VIA,VIACOM INC,A,,,N,A,R,21866,0,1,4833,12485710,,,,,,,,,,,,,,,,,,,,,,,,,56.400,57.930,57.100,242100.000,-0.012965,57.020,57.140,137459.000,1.294,0.500,57.500,,-0.012965,0.005,0.005,0.006,0.006,0.004
75104,2001/06/04,,11,1,4841,92552410,VIA,VIACOM INC,A,,,N,A,R,21866,0,1,4833,12485710,,,,,,,,,,,,,,,,,,,,,,,,,56.550,57.500,57.150,298300.000,0.000876,57.030,57.280,137459.000,1.294,0.500,57.200,,0.000876,0.005,0.005,0.005,0.005,0.005
75104,2001/06/05,,11,1,4841,92552410,VIA,VIACOM INC,A,,,N,A,R,21866,0,1,4833,12485710,,,,,,,,,,,,,,,,,,,,,,,,,56.300,57.450,57.050,336400.000,-0.001750,56.900,57.150,137459.000,1.294,0.500,57.100,,-0.001750,0.014,0.014,0.012,0.012,0.013
75104,2001/06/06,,11,1,4841,92552410,VIA,VIACOM INC,A,,,N,A,R,21866,0,1,4833,12485710,,,,,,,,,,,,,,,,,,,,,,,,,56.300,57.500,56.820,200300.000,-0.004032,56.800,56.820,137459.000,1.294,0.500,57.000,,-0.004032,-0.009,-0.010,-0.003,-0.003,-0.011
75104,2001/06/07,,11,1,4841,92552410,VIA,VIACOM INC,A,,,N,A,R,21866,0,1,4833,12485710,,,,,,,,,,,,,,,,,,,,,,,,,56.550,57.550,57.550,195600.000,0.012848,57.400,57.700,137459.000,1.294,0.500,56.650,,0.012848,0.005,0.005,0.005,0.005,0.005
75104,2001/06/08,,11,1,4841,92552410,VIA,VIACOM INC,A,,,N,A,R,21866,0,1,4833,12485710,,,,,,,,,,,,,,,,,,,,,,,,,56.490,57.550,57.100,136000.000,-0.007819,57.000,57.210,137459.000,1.294,0.500,57.550,,-0.007819,-0.010,-0.010,-0.002,-0.002,-0.009
75104,2001/06/11,,11,1,4841,92552410,VIA,VIACOM INC,A,,,N,A,R,21866,0,1,4833,12485710,,,,,,,,,,,,,,,,,,,,,,,,,56.050,57.300,56.500,205900.000,-0.010508,56.200,56.500,137459.000,1.294,0.500,57.050,,-0.010508,-0.010,-0.010,-0.006,-0.006,-0.008
75104,2001/06/12,,11,1,4841,92552410,VIA,VIACOM INC,A,,,N,A,R,21866,0,1,4833,12485710,,,,,,,,,,,,,,,,,,,,,,,,,55.200,57.090,56.410,192900.000,-0.001593,56.300,56.600,137459.000,1.294,0.500,56.350,,-0.001593,0.000,0.000,-0.001,-0.001,0.001
75104,2001/06/13,,11,1,4841,92552410,VIA,VIACOM INC,A,,,N,A,R,21866,0,1,4833,12485710,,,,,,,,,,,,,,,,,,,,,,,,,55.970,56.800,56.360,198200.000,-0.000886,56.300,56.370,137459.000,1.294,0.500,56.800,,-0.000886,-0.010,-0.010,-0.002,-0.003,-0.011
75104,2001/06/14,,11,1,4841,92552410,VIA,VIACOM INC,A,,,N,A,R,21866,0,1,4833,12485710,,,,,,,,,,,,,,,,,,,,,,,,,53.800,55.600,54.180,300500.000,-0.038680,54.060,54.290,137459.000,1.294,0.500,55.000,,-0.038680,-0.019,-0.019,-0.015,-0.015,-0.018
75104,2001/06/15,,11,1,4841,92552410,VIA,VIACOM INC,A,,,N,A,R,21866,0,1,4833,12485710,,,,,,,,,,,,,,,,,,,,,,,,,52.000,53.960,53.900,466700.000,-0.005168,53.700,54.200,137459.000,1.294,0.500,53.800,,-0.005168,-0.005,-0.005,-0.005,-0.005,-0.005
75104,2001/06/18,,11,1,4841,92552410,VIA,VIACOM INC,A,,,N,A,R,21866,0,1,4833,12485710,,,,,,,,,,,,,,,,,,,,,,,,,51.200,53.900,51.760,506600.000,-0.039703,51.600,51.860,137459.000,1.294,0.500,53.900,,-0.039703,-0.007,-0.007,-0.013,-0.013,-0.005
75104,2001/06/19,,11,1,4841,92552410,VIA,VIACOM INC,A,,,N,A,R,21866,0,1,4833,12485710,,,,,,,,,,,,,,,,,,,,,,,,,51.230,52.780,51.290,341100.000,-0.009080,51.170,51.390,137459.000,1.294,0.500,52.050,,-0.009080,0.002,0.002,-0.006,-0.006,0.003
75104,2001/06/20,,11,1,4841,92552410,VIA,VIACOM INC,A,,,N,A,R,21866,0,1,4833,12485710,,,,,,,,,,,,,,,,,,,,,,,,,51.850,54.100,54.100,528100.000,0.054786,53.910,54.200,137459.000,1.294,0.500,52.000,,0.054786,0.010,0.010,0.001,0.001,0.009
75104,2001/06/21,,11,1,4841,92552410,VIA,VIACOM INC,A,,,N,A,R,21866,0,1,4833,12485710,,,,,,,,,,,,,,,,,,,,,,,,,52.830,54.420,53.650,374500.000,-0.008318,53.600,53.900,137459.000,1.294,0.500,53.100,,-0.008318,0.010,0.010,0.004,0.004,0.011
75104,2001/06/22,,11,1,4841,92552410,VIA,VIACOM INC,A,,,N,A,R,21866,0,1,4833,12485710,,,,,,,,,,,,,,,,,,,,,,,,,53.100,54.080,53.420,248600.000,-0.004287,53.320,53.420,137459.000,1.294,0.500,53.850,,-0.004287,-0.009,-0.009,-0.002,-0.003,-0.009
75104,2001/06/25,,11,1,4841,92552410,VIA,VIACOM INC,A,,,N,A,R,21866,0,1,4833,12485710,,,,,,,,,,,,,,,,,,,,,,,,,52.850,54.150,54.100,254600.000,0.012729,53.510,53.900,137459.000,1.294,0.500,53.500,,0.012729,-0.005,-0.005,-0.000,-0.000,-0.006
75104,2001/06/26,,11,1,4841,92552410,VIA,VIACOM INC,A,,,N,A,R,21866,0,1,4833,12485710,,,,,,,,,,,,,,,,,,,,,,,,,51.500,53.000,51.600,324100.000,-0.046211,51.490,51.700,137459.000,1.294,0.500,52.950,,-0.046211,-0.000,-0.000,0.005,0.005,-0.002
75104,2001/06/27,,11,1,4841,92552410,VIA,VIACOM INC,A,,,N,A,R,21866,0,1,4833,12485710,,,,,,,,,,,,,,,,,,,,,,,,,51.120,52.600,52.250,308200.000,0.012597,52.180,52.300,137459.000,1.294,0.500,51.300,,0.012597,-0.002,-0.002,0.004,0.004,-0.005
75104,2001/06/28,,11,1,4841,92552410,VIA,VIACOM INC,A,,,N,A,R,21866,0,1,4833,12485710,,,,,,,,,,,,,,,,,,,,,,,,,51.750,53.130,52.110,230400.000,-0.002679,52.000,52.320,137459.000,1.294,0.500,52.000,,-0.002679,0.013,0.013,0.008,0.008,0.012
75104,2001/06/29,,11,1,4841,92552410,VIA,VIACOM INC,A,,,N,A,R,21866,0,1,4833,12485710,,,,,,,,0.000,,,,,,,,,,,,,,,,,51.720,53.380,53.040,135500.000,0.017847,53.070,53.160,137500.000,1.294,0.500,52.120,,0.017847,0.004,0.004,0.019,0.019,-0.001
75104,2001/07/02,,11,1,4841,92552410,VIA,VIACOM INC,A,,,N,A,R,21866,0,1,4833,12485710,,,,,,,,,,,,,,,,,,,,,,,,,52.410,53.400,53.050,215500.000,0.000189,52.850,53.230,137500.000,1.294,0.500,52.800,,0.000189,0.005,0.005,-0.006,-0.006,0.010
75104,2001/07/03,,11,1,4841,92552410,VIA,VIACOM INC,A,,,N,A,R,21866,0,1,4833,12485710,,,,,,,,,,,,,,,,,,,,,,,,,52.750,53.330,53.240,110900.000,0.003582,53.050,53.440,137500.000,1.294,0.500,53.050,,0.003582,-0.002,-0.002,-0.000,-0.000,-0.002
75104,2001/07/05,,11,1,4841,92552410,VIA,VIACOM INC,A,,,N,A,R,21866,0,1,4833,12485710,,,,,,,,,,,,,,,,,,,,,,,,,52.010,53.330,52.060,206700.000,-0.022164,51.960,52.170,137500.000,1.294,0.500,53.150,,-0.022164,-0.012,-0.012,-0.007,-0.007,-0.012
75104,2001/07/06,,11,1,4841,92552410,VIA,VIACOM INC,A,,,N,A,R,21866,0,1,4833,12485710,,,,,,,,,,,,,,,,,,,,,,,,,50.930,52.200,51.050,206800.000,-0.019401,50.930,51.150,137500.000,1.294,0.500,52.060,,-0.019401,-0.022,-0.022,-0.012,-0.012,-0.023
75104,2001/07/09,,11,1,4841,92552410,VIA,VIACOM INC,A,,,N,A,R,21866,0,1,4833,12485710,,,,,,,,,,,,,,,,,,,,,,,,,50.040,51.330,50.140,234600.000,-0.017826,50.000,50.240,137500.000,1.294,0.500,50.800,,-0.017826,0.006,0.006,0.002,0.002,0.007
75104,2001/07/10,,11,1,4841,92552410,VIA,VIACOM INC,A,,,N,A,R,21866,0,1,4833,12485710,,,,,,,,,,,,,,,,,,,,,,,,,49.350,51.020,49.450,199600.000,-0.013761,49.320,49.550,137500.000,1.294,0.500,50.600,,-0.013761,-0.014,-0.014,-0.009,-0.009,-0.014
75104,2001/07/11,,11,1,4841,92552410,VIA,VIACOM INC,A,,,N,A,R,21866,0,1,4833,12485710,,,,,,,,,,,,,,,,,,,,,,,,,48.600,50.190,49.600,304600.000,0.003033,49.380,49.700,137500.000,1.294,0.500,49.550,,0.003033,-0.002,-0.002,-0.005,-0.006,-0.001
75104,2001/07/12,,11,1,4841,92552410,VIA,VIACOM INC,A,,,N,A,R,21866,0,1,4833,12485710,,,,,,,,,,,,,,,,,,,,,,,,,49.160,50.560,49.560,282200.000,-0.000806,49.390,49.700,137500.000,1.294,0.500,49.450,,-0.000806,0.024,0.024,0.015,0.015,0.024
75104,2001/07/13,,11,1,4841,92552410,VIA,VIACOM INC,A,,,N,A,R,21866,0,1,4833,12485710,,,,,,,,,,,,,,,,,,,,,,,,,48.450,49.600,49.160,296600.000,-0.008071,49.050,49.270,137500.000,1.294,0.500,49.600,,-0.008071,0.005,0.005,0.004,0.004,0.006
75104,2001/07/16,,11,1,4841,92552410,VIA,VIACOM INC,A,,,N,A,R,21866,0,1,4833,12485710,,,,,,,,,,,,,,,,,,,,,,,,,48.020,49.260,48.540,322600.000,-0.012612,48.430,48.640,137500.000,1.294,0.500,49.150,,-0.012612,-0.012,-0.012,-0.007,-0.007,-0.011
75104,2001/07/17,,11,1,4841,92552410,VIA,VIACOM INC,A,,,N,A,R,21866,0,1,4833,12485710,,,,,,,,,,,,,,,,,,,,,,,,,48.450,49.700,49.260,209600.000,0.014833,49.140,49.360,137500.000,1.294,0.500,48.790,,0.014833,0.011,0.011,0.005,0.005,0.010
75104,2001/07/18,,11,1,4841,92552410,VIA,VIACOM INC,A,,,N,A,R,21866,0,1,4833,12485710,,,,,,,,,,,,,,,,,,,,,,,,,47.130,49.010,47.800,244400.000,-0.029639,47.680,48.000,137500.000,1.294,0.500,49.010,,-0.029639,-0.007,-0.007,-0.008,-0.008,-0.006
75104,2001/07/19,,11,1,4841,92552410,VIA,VIACOM INC,A,,,N,A,R,21866,0,1,4833,12485710,,,,,,,,,,,,,,,,,,,,,,,,,47.050,48.220,47.530,158800.000,-0.005649,47.430,47.750,137500.000,1.294,0.500,48.050,,-0.005649,0.005,0.005,0.005,0.005,0.006
75104,2001/07/20,,11,1,4841,92552410,VIA,VIACOM INC,A,,,N,A,R,21866,0,1,4833,12485710,,,,,,,,,,,,,,,,,,,,,,,,,46.910,48.150,46.920,220600.000,-0.012834,46.810,47.100,137500.000,1.294,0.500,47.560,,-0.012834,-0.003,-0.003,0.000,0.000,-0.003
75104,2001/07/23,,11,1,4841,92552410,VIA,VIACOM INC,A,,,N,A,R,21866,0,1,4833,12485710,,,,,,,,,,,,,,,,,,,,,,,,,44.400,47.400,45.100,410500.000,-0.038789,44.960,45.290,137500.000,1.294,0.500,47.300,,-0.038789,-0.015,-0.015,-0.006,-0.006,-0.016
75104,2001/07/24,,11,1,4841,92552410,VIA,VIACOM INC,A,,,N,A,R,21866,0,1,4833,12485710,,,,,,,,,,,,,,,,,,,,,,,,,43.900,45.770,45.070,365000.000,-0.000665,44.850,45.180,137500.000,1.294,0.500,45.650,,-0.000665,-0.016,-0.016,-0.011,-0.012,-0.016
75104,2001/07/25,,11,1,4841,92552410,VIA,VIACOM INC,A,,,N,A,R,21866,0,1,4833,12485710,,,,,,,,,,,,,,,,,,,,,,,,,44.500,46.550,46.420,347200.000,0.029953,46.410,46.460,137500.000,1.294,0.500,44.500,,0.029953,0.014,0.014,0.003,0.003,0.016
75104,2001/07/26,,11,1,4841,92552410,VIA,VIACOM INC,A,,,N,A,R,21866,0,1,4833,12485710,,,,,,,,,,,,,,,,,,,,,,,,,48.500,50.600,50.000,1159300.000,0.077122,49.880,50.190,137500.000,1.294,0.500,48.950,,0.077122,0.012,0.011,0.008,0.008,0.010
75104,2001/07/27,,11,1,4841,92552410,VIA,VIACOM INC,A,,,N,A,R,21866,0,1,4833,12485710,,,,,,,,,,,,,,,,,,,,,,,,,50.110,51.610,51.150,752000.000,0.023000,51.030,51.300,137500.000,1.294,0.500,51.250,,0.023000,0.003,0.003,0.004,0.003,0.002
75104,2001/07/30,,11,1,4841,92552410,VIA,VIACOM INC,A,,,N,A,R,21866,0,1,4833,12485710,,,,,,,,,,,,,,,,,,,,,,,,,49.800,51.370,50.830,257100.000,-0.006256,50.710,50.930,137500.000,1.294,0.500,51.370,,-0.006256,-0.001,-0.001,-0.001,-0.001,-0.001
75104,2001/07/31,,11,1,4841,92552410,VIA,VIACOM INC,A,,,N,A,R,21866,0,1,4833,12485710,,,,,,,,0.000,,,,,,,,,,,,,,,,,49.340,51.150,49.980,282500.000,-0.016722,49.800,50.100,137500.000,1.294,0.500,49.990,,-0.016722,0.005,0.005,0.003,0.003,0.006
75104,2001/08/01,,11,1,4841,92552410,VIA,VIACOM INC,A,,,N,A,R,21866,0,1,4833,12485710,,,,,,,,,,,,,,,,,,,,,,,,,49.790,50.780,50.290,278400.000,0.006203,50.050,50.400,137500.000,1.294,0.500,50.230,,0.006203,0.005,0.005,0.006,0.006,0.004
75104,2001/08/02,,11,1,4841,92552410,VIA,VIACOM INC,A,,,N,A,R,21866,0,1,4833,12485710,,,,,,,,,,,,,,,,,,,,,,,,,50.450,52.150,51.850,449400.000,0.031020,51.700,51.990,137500.000,1.294,0.500,50.520,,0.031020,0.003,0.003,0.003,0.002,0.004
75104,2001/08/03,,11,1,4841,92552410,VIA,VIACOM INC,A,,,N,A,R,21866,0,1,4833,12485710,,,,,,,,,,,,,,,,,,,,,,,,,50.020,51.150,50.630,244700.000,-0.023529,50.520,50.850,137500.000,1.294,0.500,51.000,,-0.023529,-0.005,-0.005,0.001,0.000,-0.005
75104,2001/08/06,,11,1,4841,92552410,VIA,VIACOM INC,A,,,N,A,R,21866,0,1,4833,12485710,,,,,,,,,,,,,,,,,,,,,,,,,49.700,50.650,50.240,193000.000,-0.007703,50.130,50.400,137500.000,1.294,0.500,50.450,,-0.007703,-0.011,-0.011,-0.006,-0.006,-0.011
75104,2001/08/07,,11,1,4841,92552410,VIA,VIACOM INC,A,,,N,A,R,21866,0,1,4833,12485710,,,,,,,,,,,,,,,,,,,,,,,,,49.500,50.950,50.310,465000.000,0.001393,50.200,50.430,137500.000,1.294,0.500,49.500,,0.001393,0.002,0.002,-0.000,-0.000,0.003
75104,2001/08/08,,11,1,4841,92552410,VIA,VIACOM INC,A,,,N,A,R,21866,0,1,4833,12485710,,,,,,,,,,,,,,,,,,,,,,,,,49.680,51.050,49.690,262500.000,-0.012324,49.590,49.800,137500.000,1.294,0.500,49.690,,-0.012324,-0.017,-0.017,-0.010,-0.010,-0.017
75104,2001/08/09,,11,1,4841,92552410,VIA,VIACOM INC,A,,,N,A,R,21866,0,1,4833,12485710,,,,,,,,,,,,,,,,,,,,,,,,,48.260,49.700,49.100,320900.000,-0.011874,49.000,49.230,137500.000,1.294,0.500,49.700,,-0.011874,-0.000,-0.000,-0.001,-0.001,-0.000
75104,2001/08/10,,11,1,4841,92552410,VIA,VIACOM INC,A,,,N,A,R,21866,0,1,4833,12485710,,,,,,,,,,,,,,,,,,,,,,,,,48.050,49.940,49.600,212000.000,0.010183,49.490,49.710,137500.000,1.294,0.500,49.100,,0.010183,0.004,0.004,0.001,0.001,0.006
75104,2001/08/13,,11,1,4841,92552410,VIA,VIACOM INC,A,,,N,A,R,21866,0,1,4833,12485710,,,,,,,,,,,,,,,,,,,,,,,,,49.150,50.150,49.660,198500.000,0.001210,49.540,49.770,137500.000,1.294,0.500,49.550,,0.001210,0.002,0.002,0.003,0.002,0.001
75104,2001/08/14,,11,1,4841,92552410,VIA,VIACOM INC,A,,,N,A,R,21866,0,1,4833,12485710,,,,,,,,,,,,,,,,,,,,,,,,,47.300,49.960,47.720,353600.000,-0.039066,47.610,47.820,137500.000,1.294,0.500,49.600,,-0.039066,-0.002,-0.002,0.002,0.002,-0.004
75104,2001/08/15,,11,1,4841,92552410,VIA,VIACOM INC,A,,,N,A,R,21866,0,1,4833,12485710,,,,,,,,,,,,,,,,,,,,,,,,,45.800,47.750,46.560,314600.000,-0.024308,46.730,46.820,137500.000,1.294,0.500,47.750,,-0.024308,-0.007,-0.007,-0.005,-0.005,-0.007
75104,2001/08/16,,11,1,4841,92552410,VIA,VIACOM INC,A,,,N,A,R,21866,0,1,4833,12485710,,,,,,,,,,,,,,,,,,,,,,,,,45.500,46.550,46.470,191600.000,-0.001933,46.370,46.470,137500.000,1.294,0.500,46.200,,-0.001933,0.002,0.002,-0.002,-0.002,0.003
75104,2001/08/17,,11,1,4841,92552410,VIA,VIACOM INC,A,,,N,A,R,21866,0,1,4833,12485710,,,,,,,,,,,,,,,,,,,,,,,,,45.200,46.200,45.450,215000.000,-0.021950,45.400,45.710,137500.000,1.294,0.500,45.940,,-0.021950,-0.016,-0.016,-0.007,-0.007,-0.017
75104,2001/08/20,,11,1,4841,92552410,VIA,VIACOM INC,A,,,N,A,R,21866,0,1,4833,12485710,,,,,,,,,,,,,,,,,,,,,,,,,45.200,46.150,45.880,147500.000,0.009461,45.750,46.000,137500.000,1.294,0.500,45.200,,0.009461,0.007,0.007,-0.000,-0.000,0.008
75104,2001/08/21,,11,1,4841,92552410,VIA,VIACOM INC,A,,,N,A,R,21866,0,1,4833,12485710,,,,,,,,,,,,,,,,,,,,,,,,,45.110,47.000,45.730,470900.000,-0.003269,45.600,45.840,137500.000,1.294,0.500,46.130,,-0.003269,-0.011,-0.011,-0.008,-0.008,-0.012
75104,2001/08/22,,11,1,4841,92552410,VIA,VIACOM INC,A,,,N,A,R,21866,0,1,4833,12485710,,,,,,,,,,,,,,,,,,,,,,,,,44.920,45.990,45.160,217500.000,-0.012464,45.050,45.270,137500.000,1.294,0.500,45.480,,-0.012464,0.007,0.007,0.004,0.004,0.007
75104,2001/08/23,,11,1,4841,92552410,VIA,VIACOM INC,A,,,N,A,R,21866,0,1,4833,12485710,,,,,,,,,,,,,,,,,,,,,,,,,44.680,45.790,45.660,239600.000,0.011072,45.500,45.760,137500.000,1.294,0.500,45.170,,0.011072,-0.003,-0.003,-0.004,-0.004,-0.003
75104,2001/08/24,,11,1,4841,92552410,VIA,VIACOM INC,A,,,N,A,R,21866,0,1,4833,12485710,,,,,,,,2.000,,,,,,,,,,,,,,,,,45.500,47.990,47.200,271700.000,0.033728,46.970,47.440,137500.000,1.294,0.500,45.500,,0.033728,0.018,0.018,0.011,0.011,0.020
75104,2001/08/27,,11,1,4841,92552410,VIA,VIACOM INC,A,,,N,A,R,21866,0,1,4833,12485710,,,,,,,,,,,,,,,,,,,,,,,,,46.450,47.100,46.700,219200.000,-0.010593,46.600,46.880,137500.000,1.294,0.500,47.000,,-0.010593,-0.004,-0.004,-0.002,-0.002,-0.005
75104,2001/08/28,,11,1,4841,92552410,VIA,VIACOM INC,A,,,N,A,R,21866,0,1,4833,12485710,,,,,,,,,,,,,,,,,,,,,,,,,45.030,46.500,45.250,250000.000,-0.031049,45.150,45.450,137500.000,1.294,0.500,46.350,,-0.031049,-0.014,-0.014,-0.007,-0.007,-0.015
75104,2001/08/29,,11,1,4841,92552410,VIA,VIACOM INC,A,,,N,A,R,21866,0,1,4833,12485710,,,,,,,,,,,,,,,,,,,,,,,,,43.790,45.440,43.880,238900.000,-0.030276,43.780,44.050,137500.000,1.294,0.500,45.200,,-0.030276,-0.010,-0.010,-0.003,-0.003,-0.011
75104,2001/08/30,,11,1,4841,92552410,VIA,VIACOM INC,A,,,N,A,R,21866,0,1,4833,12485710,,,,,,,,,,,,,,,,,,,,,,,,,41.060,44.250,42.000,689700.000,-0.042844,41.890,42.100,137500.000,1.294,0.500,44.250,,-0.042844,-0.016,-0.016,-0.009,-0.009,-0.017
75104,2001/08/31,,11,1,4841,92552410,VIA,VIACOM INC,A,,,N,A,R,21866,0,1,4833,12485710,,,,,,,,0.000,,,,,,,,,,,,,,,,,41.900,43.200,42.440,554400.000,0.010476,42.330,42.680,137392.000,1.294,0.500,41.900,,0.010476,0.004,0.004,0.006,0.006,0.004
75104,2001/09/04,,11,1,4841,92552410,VIA,VIACOM INC,A,,,N,A,R,21866,0,1,4833,12485710,,,,,,,,,,,,,,,,,,,,,,,,,42.600,44.420,42.700,195100.000,0.006126,42.590,42.900,137392.000,1.294,0.500,43.000,,0.006126,-0.002,-0.002,-0.006,-0.006,-0.001
75104,2001/09/05,,11,1,4841,92552410,VIA,VIACOM INC,A,,,N,A,R,21866,0,1,4833,12485710,,,,,,,,,,,,,,,,,,,,,,,,,40.800,43.000,41.280,323900.000,-0.033255,41.150,41.380,137392.000,1.294,0.500,42.700,,-0.033255,-0.003,-0.003,-0.009,-0.009,-0.001
75104,2001/09/06,,11,1,4841,92552410,VIA,VIACOM INC,A,,,N,A,R,21866,0,1,4833,12485710,,,,,,,,,,,,,,,,,,,,,,,,,39.800,40.900,40.210,289900.000,-0.025921,40.000,40.310,137392.000,1.294,0.500,40.900,,-0.025921,-0.021,-0.021,-0.014,-0.014,-0.022
75104,2001/09/07,,11,1,4841,92552410,VIA,VIACOM INC,A,,,N,A,R,21866,0,1,4833,12485710,,,,,,,,,,,,,,,,,,,,,,,,,37.510,39.550,38.250,507500.000,-0.048744,37.920,37.960,137392.000,1.294,0.500,39.500,,-0.048744,-0.018,-0.018,-0.012,-0.012,-0.019
75104,2001/09/10,,11,1,4841,92552410,VIA,VIACOM INC,A,,,N,A,R,21866,0,1,4833,12485710,,,,,,,,,,,,,,,,,,,,,,,,,37.250,38.980,37.900,349700.000,-0.009150,37.750,38.050,137392.000,1.294,0.500,37.400,,-0.009150,0.004,0.004,-0.007,-0.007,0.006
75104,2001/09/17,,11,1,4841,92552410,VIA,VIACOM INC,A,,,N,A,R,21866,0,1,4833,12485710,,,,,,,,,,,,,,,,,,,,,,,,,32.500,35.250,33.000,1207400.000,-0.129288,32.780,33.150,137392.000,1.294,0.500,34.000,,-0.129288,-0.051,-0.051,-0.042,-0.043,-0.049
75104,2001/09/18,,11,1,4841,92552410,VIA,VIACOM INC,A,,,N,A,R,21866,0,1,4833,12485710,,,,,,,,,,,,,,,,,,,,,,,,,31.000,33.440,31.900,1350500.000,-0.033333,31.480,31.790,137392.000,1.294,0.500,32.750,,-0.033333,-0.008,-0.008,-0.010,-0.010,-0.006
75104,2001/09/19,,11,1,4841,92552410,VIA,VIACOM INC,A,,,N,A,R,21866,0,1,4833,12485710,,,,,,,,,,,,,,,,,,,,,,,,,29.930,33.000,31.400,865800.000,-0.015674,31.150,31.500,137392.000,1.294,0.500,30.510,,-0.015674,-0.017,-0.017,-0.024,-0.024,-0.016
75104,2001/09/20,,11,1,4841,92552410,VIA,VIACOM INC,A,,,N,A,R,21866,0,1,4833,12485710,,,,,,,,,,,,,,,,,,,,,,,,,29.000,31.320,29.780,976500.000,-0.051592,29.600,30.050,137392.000,1.294,0.500,30.500,,-0.051592,-0.031,-0.031,-0.033,-0.033,-0.031
75104,2001/09/21,,11,1,4841,92552410,VIA,VIACOM INC,A,,,N,A,R,21866,0,1,4833,12485710,,,,,,,,,,,,,,,,,,,,,,,,,28.620,31.270,31.250,696300.000,0.049362,31.000,31.400,137392.000,1.294,0.500,28.750,,0.049362,-0.019,-0.019,-0.020,-0.020,-0.019
75104,2001/09/24,,11,1,4841,92552410,VIA,VIACOM INC,A,,,N,A,R,21866,0,1,4833,12485710,,,,,,,,,,,,,,,,,,,,,,,,,32.500,34.000,32.900,690500.000,0.052800,32.800,33.030,137392.000,1.294,0.500,33.200,,0.052800,0.038,0.038,0.033,0.033,0.039
75104,2001/09/25,,11,1,4841,92552410,VIA,VIACOM INC,A,,,N,A,R,21866,0,1,4833,12485710,,,,,,,,,,,,,,,,,,,,,,,,,31.750,33.500,32.050,550700.000,-0.025836,31.940,32.200,137392.000,1.294,0.500,33.050,,-0.025836,0.008,0.008,0.004,0.004,0.009
75104,2001/09/26,,11,1,4841,92552410,VIA,VIACOM INC,A,,,N,A,R,21866,0,1,4833,12485710,,,,,,,,,,,,,,,,,,,,,,,,,32.300,33.550,32.600,415200.000,0.017161,32.200,32.600,137392.000,1.294,0.500,32.750,,0.017161,-0.006,-0.006,-0.010,-0.010,-0.005
75104,2001/09/27,,11,1,4841,92552410,VIA,VIACOM INC,A,,,N,A,R,21866,0,1,4833,12485710,,,,,,,,,,,,,,,,,,,,,,,,,32.400,33.590,33.400,857800.000,0.024540,33.170,33.520,137392.000,1.294,0.500,32.850,,0.024540,0.011,0.011,-0.001,-0.001,0.011
75104,2001/09/28,,11,1,4841,92552410,VIA,VIACOM INC,A,,,N,A,R,21866,0,1,4833,12485710,,,,,,,,0.000,,,,,,,,,,,,,,,,,34.300,35.190,34.950,894200.000,0.046407,34.780,34.810,137392.000,1.294,0.500,34.990,,0.046407,0.023,0.023,0.025,0.025,0.022
75104,2001/10/01,,11,1,4841,92552410,VIA,VIACOM INC,A,,,N,A,R,21866,0,1,4833,12485710,,,,,,,,,,,,,,,,,,,,,,,,,33.750,34.350,33.940,286600.000,-0.028898,33.780,34.050,137392.000,1.294,0.500,33.750,,-0.028898,-0.004,-0.004,-0.010,-0.010,-0.002
75104,2001/10/02,,11,1,4841,92552410,VIA,VIACOM INC,A,,,N,A,R,21866,0,1,4833,12485710,,,,,,,,,,,,,,,,,,,,,,,,,33.750,35.500,35.500,362200.000,0.045964,35.300,35.600,137392.000,1.294,0.500,34.250,,0.045964,0.012,0.012,0.007,0.007,0.012
75104,2001/10/03,,11,1,4841,92552410,VIA,VIACOM INC,A,,,N,A,R,21866,0,1,4833,12485710,,,,,,,,,,,,,,,,,,,,,,,,,34.600,37.150,36.540,291600.000,0.029296,36.430,36.650,137392.000,1.294,0.500,35.100,,0.029296,0.022,0.022,0.021,0.021,0.020
75104,2001/10/04,,11,1,4841,92552410,VIA,VIACOM INC,A,,,N,A,R,21866,0,1,4833,12485710,,,,,,,,,,,,,,,,,,,,,,,,,35.850,37.170,36.130,523800.000,-0.011221,36.020,36.300,137392.000,1.294,0.500,36.600,,-0.011221,-0.000,-0.000,0.011,0.011,-0.002
75104,2001/10/05,,11,1,4841,92552410,VIA,VIACOM INC,A,,,N,A,R,21866,0,1,4833,12485710,,,,,,,,,,,,,,,,,,,,,,,,,34.530,36.140,34.900,405700.000,-0.034044,34.790,35.000,137392.000,1.294,0.500,36.140,,-0.034044,0.000,0.000,0.001,0.000,0.002
75104,2001/10/08,,11,1,4841,92552410,VIA,VIACOM INC,A,,,N,A,R,21866,0,1,4833,12485710,,,,,,,,,,,,,,,,,,,,,,,,,34.000,35.180,35.050,207300.000,0.004298,34.850,35.150,137392.000,1.294,0.500,34.750,,0.004298,-0.008,-0.008,-0.002,-0.002,-0.008
75104,2001/10/09,,11,1,4841,92552410,VIA,VIACOM INC,A,,,N,A,R,21866,0,1,4833,12485710,,,,,,,,,,,,,,,,,,,,,,,,,33.200,34.460,33.600,273300.000,-0.041369,33.570,33.600,137392.000,1.294,0.500,34.450,,-0.041369,-0.005,-0.005,-0.004,-0.004,-0.005
75104,2001/10/10,,11,1,4841,92552410,VIA,VIACOM INC,A,,,N,A,R,21866,0,1,4833,12485710,,,,,,,,,,,,,,,,,,,,,,,,,32.650,34.350,33.900,372700.000,0.008929,33.770,34.030,137392.000,1.294,0.500,32.800,,0.008929,0.023,0.023,0.019,0.019,0.023
75104,2001/10/11,,11,1,4841,92552410,VIA,VIACOM INC,A,,,N,A,R,21866,0,1,4833,12485710,,,,,,,,,,,,,,,,,,,,,,,,,36.000,37.700,36.880,447700.000,0.087906,36.700,36.980,137392.000,1.294,0.500,36.150,,0.087906,0.017,0.017,0.019,0.019,0.015
75104,2001/10/12,,11,1,4841,92552410,VIA,VIACOM INC,A,,,N,A,R,21866,0,1,4833,12485710,,,,,,,,,,,,,,,,,,,,,,,,,35.110,37.400,36.880,387800.000,0.000000,36.580,36.980,137392.000,1.294,0.500,36.500,,0.000000,-0.005,-0.005,0.000,0.000,-0.005
75104,2001/10/15,,11,1,4841,92552410,VIA,VIACOM INC,A,,,N,A,R,21866,0,1,4833,12485710,,,,,,,,,,,,,,,,,,,,,,,,,35.000,36.600,36.030,241400.000,-0.023048,35.820,36.130,137392.000,1.294,0.500,36.500,,-0.023048,-0.001,-0.001,0.003,0.003,-0.002
75104,2001/10/16,,11,1,4841,92552410,VIA,VIACOM INC,A,,,N,A,R,21866,0,1,4833,12485710,,,,,,,,,,,,,,,,,,,,,,,,,36.000,37.400,36.920,222600.000,0.024702,36.750,37.030,137392.000,1.294,0.500,36.030,,0.024702,0.008,0.008,0.011,0.011,0.007
75104,2001/10/17,,11,1,4841,92552410,VIA,VIACOM INC,A,,,N,A,R,21866,0,1,4833,12485710,,,,,,,,,,,,,,,,,,,,,,,,,35.450,37.600,35.650,307300.000,-0.034399,35.460,35.750,137392.000,1.294,0.500,37.390,,-0.034399,-0.019,-0.019,-0.006,-0.006,-0.019
75104,2001/10/18,,11,1,4841,92552410,VIA,VIACOM INC,A,,,N,A,R,21866,0,1,4833,12485710,,,,,,,,,,,,,,,,,,,,,,,,,34.160,35.480,34.710,288900.000,-0.026368,34.470,34.840,137392.000,1.294,0.500,35.420,,-0.026368,-0.007,-0.007,-0.005,-0.005,-0.008
75104,2001/10/19,,11,1,4841,92552410,VIA,VIACOM INC,A,,,N,A,R,21866,0,1,4833,12485710,,,,,,,,,,,,,,,,,,,,,,,,,34.040,35.110,34.970,238400.000,0.007491,34.780,35.010,137392.000,1.294,0.500,34.600,,0.007491,0.005,0.005,0.005,0.005,0.005
75104,2001/10/22,,11,1,4841,92552410,VIA,VIACOM INC,A,,,N,A,R,21866,0,1,4833,12485710,,,,,,,,,,,,,,,,,,,,,,,,,34.760,36.630,36.440,320400.000,0.042036,36.330,36.630,137392.000,1.294,0.500,34.970,,0.042036,0.015,0.015,0.008,0.008,0.015
75104,2001/10/23,,11,1,4841,92552410,VIA,VIACOM INC,A,,,N,A,R,21866,0,1,4833,12485710,,,,,,,,,,,,,,,,,,,,,,,,,36.800,38.000,37.140,414700.000,0.019210,37.030,37.240,137392.000,1.294,0.500,36.900,,0.019210,-0.004,-0.004,0.000,0.000,-0.005
75104,2001/10/24,,11,1,4841,92552410,VIA,VIACOM INC,A,,,N,A,R,21866,0,1,4833,12485710,,,,,,,,,,,,,,,,,,,,,,,,,35.600,37.450,36.350,575600.000,-0.021271,36.250,36.580,137392.000,1.294,0.500,36.900,,-0.021271,0.001,0.001,0.004,0.004,0.000
75104,2001/10/25,,11,1,4841,92552410,VIA,VIACOM INC,A,,,N,A,R,21866,0,1,4833,12485710,,,,,,,,,,,,,,,,,,,,,,,,,34.750,36.700,36.600,285300.000,0.006878,36.580,36.620,137392.000,1.294,0.500,35.500,,0.006878,0.014,0.014,0.011,0.011,0.014
75104,2001/10/26,,11,1,4841,92552410,VIA,VIACOM INC,A,,,N,A,R,21866,0,1,4833,12485710,,,,,,,,,,,,,,,,,,,,,,,,,36.350,38.040,37.280,551400.000,0.018579,37.170,37.380,137392.000,1.294,0.500,36.350,,0.018579,0.004,0.004,0.007,0.007,0.004
75104,2001/10/29,,11,1,4841,92552410,VIA,VIACOM INC,A,,,N,A,R,21866,0,1,4833,12485710,,,,,,,,,,,,,,,,,,,,,,,,,35.510,37.530,35.800,227200.000,-0.039700,35.700,35.910,137392.000,1.294,0.500,37.530,,-0.039700,-0.023,-0.023,-0.009,-0.009,-0.024
75104,2001/10/30,,11,1,4841,92552410,VIA,VIACOM INC,A,,,N,A,R,21866,0,1,4833,12485710,,,,,,,,,,,,,,,,,,,,,,,,,34.260,36.050,34.260,300000.000,-0.043017,35.060,35.370,137392.000,1.294,0.500,35.100,,-0.043017,-0.017,-0.017,-0.011,-0.012,-0.017
75104,2001/10/31,,11,1,4841,92552410,VIA,VIACOM INC,A,,,N,A,R,21866,0,1,4833,12485710,,,,,,,,0.000,,,,,,,,,,,,,,,,,35.250,37.400,36.680,405900.000,0.070636,36.480,36.780,137392.000,1.294,0.500,35.250,,0.070636,0.002,0.002,0.011,0.011,-0.000
75104,2001/11/01,,11,1,4841,92552410,VIA,VIACOM INC,A,,,N,A,R,21866,0,1,4833,12485710,,,,,,,,,,,,,,,,,,,,,,,,,36.370,39.010,38.950,400600.000,0.061887,38.710,39.120,137392.000,1.294,0.500,36.550,,0.061887,0.021,0.021,0.009,0.009,0.023
75104,2001/11/02,,11,1,4841,92552410,VIA,VIACOM INC,A,,,N,A,R,21866,0,1,4833,12485710,,,,,,,,,,,,,,,,,,,,,,,,,38.240,39.100,38.600,231300.000,-0.008986,38.340,38.740,137392.000,1.294,0.500,38.750,,-0.008986,0.002,0.002,-0.001,-0.001,0.003
75104,2001/11/05,,11,1,4841,92552410,VIA,VIACOM INC,A,,,N,A,R,21866,0,1,4833,12485710,,,,,,,,,,,,,,,,,,,,,,,,,38.830,40.050,39.440,252200.000,0.021762,39.340,39.580,137392.000,1.294,0.500,38.850,,0.021762,0.014,0.014,0.008,0.008,0.014
75104,2001/11/06,,11,1,4841,92552410,VIA,VIACOM INC,A,,,N,A,R,21866,0,1,4833,12485710,,,,,,,,,,,,,,,,,,,,,,,,,38.580,39.650,39.620,232700.000,0.004564,39.450,39.740,137392.000,1.294,0.500,39.300,,0.004564,0.014,0.014,0.007,0.007,0.015
75104,2001/11/07,,11,1,4841,92552410,VIA,VIACOM INC,A,,,N,A,R,21866,0,1,4833,12485710,,,,,,,,,,,,,,,,,,,,,,,,,38.980,39.950,39.160,203400.000,-0.011610,39.060,39.300,137392.000,1.294,0.500,39.550,,-0.011610,-0.002,-0.002,0.001,0.001,-0.003
75104,2001/11/08,,11,1,4841,92552410,VIA,VIACOM INC,A,,,N,A,R,21866,0,1,4833,12485710,,,,,,,,,,,,,,,,,,,,,,,,,39.410,40.800,39.800,432800.000,0.016343,39.620,39.900,137392.000,1.294,0.500,39.410,,0.016343,0.001,0.001,0.003,0.003,0.002
75104,2001/11/09,,11,1,4841,92552410,VIA,VIACOM INC,A,,,N,A,R,21866,0,1,4833,12485710,,,,,,,,,,,,,,,,,,,,,,,,,39.290,40.180,39.920,212100.000,0.003015,39.800,40.020,137392.000,1.294,0.500,39.900,,0.003015,0.001,0.001,0.003,0.003,0.002
75104,2001/11/12,,11,1,4841,92552410,VIA,VIACOM INC,A,,,N,A,R,21866,0,1,4833,12485710,,,,,,,,,,,,,,,,,,,,,,,,,38.500,40.090,39.690,406600.000,-0.005762,39.520,39.790,137392.000,1.294,0.500,39.920,,-0.005762,-0.001,-0.001,0.001,0.001,-0.002
75104,2001/11/13,,11,1,4841,92552410,VIA,VIACOM INC,A,,,N,A,R,21866,0,1,4833,12485710,,,,,,,,,,,,,,,,,,,,,,,,,40.700,42.950,41.960,410200.000,0.057193,41.850,42.060,137392.000,1.294,0.500,40.940,,0.057193,0.019,0.018,0.014,0.014,0.019
75104,2001/11/14,,11,1,4841,92552410,VIA,VIACOM INC,A,,,N,A,R,21866,0,1,4833,12485710,,,,,,,,,,,,,,,,,,,,,,,,,42.190,43.730,43.000,390400.000,0.024786,42.770,43.140,137392.000,1.294,0.500,42.190,,0.024786,0.003,0.003,0.008,0.007,0.002
75104,2001/11/15,,11,1,4841,92552410,VIA,VIACOM INC,A,,,N,A,R,21866,0,1,4833,12485710,,,,,,,,,,,,,,,,,,,,,,,,,42.560,44.240,43.780,477100.000,0.018140,43.660,43.880,137392.000,1.294,0.500,43.000,,0.018140,0.000,0.000,0.000,0.000,0.001
75104,2001/11/16,,11,1,4841,92552410,VIA,VIACOM INC,A,,,N,A,R,21866,0,1,4833,12485710,,,,,,,,,,,,,,,,,,,,,,,,,43.100,44.250,43.930,421400.000,0.003426,43.810,44.030,137392.000,1.294,0.500,43.530,,0.003426,-0.002,-0.002,0.006,0.006,-0.003
75104,2001/11/19,,11,1,4841,92552410,VIA,VIACOM INC,A,,,N,A,R,21866,0,1,4833,12485710,,,,,,,,,,,,,,,,,,,,,,,,,43.900,45.420,45.180,387600.000,0.028454,45.070,45.280,137392.000,1.294,0.500,44.050,,0.028454,0.012,0.012,0.012,0.012,0.011
75104,2001/11/20,,11,1,4841,92552410,VIA,VIACOM INC,A,,,N,A,R,21866,0,1,4833,12485710,,,,,,,,,,,,,,,,,,,,,,,,,42.900,45.300,43.220,527500.000,-0.043382,43.150,43.320,137392.000,1.294,0.500,45.100,,-0.043382,-0.008,-0.008,-0.005,-0.005,-0.007
75104,2001/11/21,,11,1,4841,92552410,VIA,VIACOM INC,A,,,N,A,R,21866,0,1,4833,12485710,,,,,,,,,,,,,,,,,,,,,,,,,41.700,43.200,42.650,355400.000,-0.013188,42.540,42.800,137392.000,1.294,0.500,43.200,,-0.013188,-0.004,-0.005,0.000,0.000,-0.005
75104,2001/11/23,,11,1,4841,92552410,VIA,VIACOM INC,A,,,N,A,R,21866,0,1,4833,12485710,,,,,,,,,,,,,,,,,,,,,,,,,42.750,43.860,43.440,133100.000,0.018523,43.260,43.550,137392.000,1.294,0.500,42.750,,0.018523,0.012,0.012,0.010,0.010,0.012
75104,2001/11/26,,11,1,4841,92552410,VIA,VIACOM INC,A,,,N,A,R,21866,0,1,4833,12485710,,,,,,,,,,,,,,,,,,,,,,,,,43.750,44.800,44.630,257100.000,0.027394,44.500,44.730,137392.000,1.294,0.500,43.750,,0.027394,0.007,0.007,0.006,0.006,0.006
75104,2001/11/27,,11,1,4841,92552410,VIA,VIACOM INC,A,,,N,A,R,21866,0,1,4833,12485710,,,,,,,,,,,,,,,,,,,,,,,,,44.200,45.360,44.420,382700.000,-0.004705,44.310,44.520,137392.000,1.294,0.500,44.380,,-0.004705,-0.005,-0.005,0.002,0.002,-0.007
75104,2001/11/28,,11,1,4841,92552410,VIA,VIACOM INC,A,,,N,A,R,21866,0,1,4833,12485710,,,,,,,,,,,,,,,,,,,,,,,,,42.710,44.000,42.860,407800.000,-0.035119,42.740,43.000,137392.000,1.294,0.500,43.750,,-0.035119,-0.017,-0.018,-0.010,-0.010,-0.018
75104,2001/11/29,,11,1,4841,92552410,VIA,VIACOM INC,A,,,N,A,R,21866,0,1,4833,12485710,,,,,,,,,,,,,,,,,,,,,,,,,41.200,43.250,43.220,428800.000,0.008399,43.050,43.310,137392.000,1.294,0.500,42.740,,0.008399,0.011,0.011,0.009,0.009,0.010
75104,2001/11/30,,11,1,4841,92552410,VIA,VIACOM INC,A,,,N,A,R,21866,0,1,4833,12485710,,,,,,,,0.000,,,,,,,,,,,,,,,,,42.890,44.700,43.730,346100.000,0.011800,43.600,43.850,137387.000,1.294,0.500,43.000,,0.011800,-0.001,-0.001,0.001,0.001,-0.001
75104,2001/12/03,,11,1,4841,92552410,VIA,VIACOM INC,A,,,N,A,R,21866,0,1,4833,12485710,,,,,,,,,,,,,,,,,,,,,,,,,42.190,43.950,42.950,318600.000,-0.017837,42.810,43.110,137387.000,1.294,0.500,43.200,,-0.017837,-0.008,-0.008,-0.007,-0.007,-0.008
75104,2001/12/04,,11,1,4841,92552410,VIA,VIACOM INC,A,,,N,A,R,21866,0,1,4833,12485710,,,,,,,,,,,,,,,,,,,,,,,,,42.820,43.450,43.450,204700.000,0.011641,43.350,43.520,137387.000,1.294,0.500,43.000,,0.011641,0.015,0.015,0.012,0.012,0.013
75104,2001/12/05,,11,1,4841,92552410,VIA,VIACOM INC,A,,,N,A,R,21866,0,1,4833,12485710,,,,,,,,,,,,,,,,,,,,,,,,,43.450,46.800,46.570,488000.000,0.071807,46.400,46.670,137387.000,1.294,0.500,43.450,,0.071807,0.023,0.023,0.017,0.017,0.022
75104,2001/12/06,,11,1,4841,92552410,VIA,VIACOM INC,A,,,N,A,R,21866,0,1,4833,12485710,,,,,,,,,,,,,,,,,,,,,,,,,46.000,48.200,47.960,489800.000,0.029848,47.850,48.070,137387.000,1.294,0.500,46.300,,0.029848,-0.001,-0.001,0.006,0.006,-0.003
75104,2001/12/07,,11,1,4841,92552410,VIA,VIACOM INC,A,,,N,A,R,21866,0,1,4833,12485710,,,,,,,,,,,,,,,,,,,,,,,,,45.350,47.800,45.600,702400.000,-0.049208,45.450,45.700,137387.000,1.294,0.500,47.700,,-0.049208,-0.007,-0.007,0.002,0.002,-0.008
75104,2001/12/10,,11,1,4841,92552410,VIA,VIACOM INC,A,,,N,A,R,21866,0,1,4833,12485710,,,,,,,,,,,,,,,,,,,,,,,,,41.060,45.800,41.510,1481100.000,-0.089693,41.500,41.690,137387.000,1.294,0.500,45.800,,-0.089693,-0.015,-0.015,-0.007,-0.007,-0.016
75104,2001/12/11,,11,1,4841,92552410,VIA,VIACOM INC,A,,,N,A,R,21866,0,1,4833,12485710,,,,,,,,,,,,,,,,,,,,,,,,,41.150,42.900,42.550,1050000.000,0.025054,42.400,42.790,137387.000,1.294,0.500,41.750,,0.025054,-0.002,-0.002,0.003,0.003,-0.003
75104,2001/12/12,,11,1,4841,92552410,VIA,VIACOM INC,A,,,N,A,R,21866,0,1,4833,12485710,,,,,,,,,,,,,,,,,,,,,,,,,42.550,43.170,42.900,604000.000,0.008226,42.740,42.950,137387.000,1.294,0.500,42.750,,0.008226,0.001,0.000,0.002,0.002,0.000
75104,2001/12/13,,11,1,4841,92552410,VIA,VIACOM INC,A,,,N,A,R,21866,0,1,4833,12485710,,,,,,,,,,,,,,,,,,,,,,,,,41.500,42.380,41.950,254100.000,-0.022145,41.750,42.130,137387.000,1.294,0.500,42.060,,-0.022145,-0.015,-0.015,-0.008,-0.008,-0.016
75104,2001/12/14,,11,1,4841,92552410,VIA,VIACOM INC,A,,,N,A,R,21866,0,1,4833,12485710,,,,,,,,,,,,,,,,,,,,,,,,,40.850,42.290,41.280,409900.000,-0.015971,41.210,41.610,137387.000,1.294,0.500,41.700,,-0.015971,0.003,0.003,0.002,0.002,0.003
75104,2001/12/17,,11,1,4841,92552410,VIA,VIACOM INC,A,,,N,A,R,21866,0,1,4833,12485710,,,,,,,,,,,,,,,,,,,,,,,,,40.900,42.300,42.300,371800.000,0.024709,41.800,42.120,137387.000,1.294,0.500,41.000,,0.024709,0.010,0.010,0.005,0.005,0.010
75104,2001/12/18,,11,1,4841,92552410,VIA,VIACOM INC,A,,,N,A,R,21866,0,1,4833,12485710,,,,,,,,,,,,,,,,,,,,,,,,,42.350,43.300,42.730,397300.000,0.010165,42.530,42.960,137387.000,1.294,0.500,42.350,,0.010165,0.008,0.008,0.007,0.007,0.008
75104,2001/12/19,,11,1,4841,92552410,VIA,VIACOM INC,A,,,N,A,R,21866,0,1,4833,12485710,,,,,,,,,,,,,,,,,,,,,,,,,41.760,43.420,43.300,466200.000,0.013340,42.990,43.340,137387.000,1.294,0.500,42.100,,0.013340,0.004,0.004,-0.003,-0.003,0.006
75104,2001/12/20,,11,1,4841,92552410,VIA,VIACOM INC,A,,,N,A,R,21866,0,1,4833,12485710,,,,,,,,,,,,,,,,,,,,,,,,,42.240,43.330,42.310,440400.000,-0.022864,42.200,42.560,137387.000,1.294,0.500,42.950,,-0.022864,-0.009,-0.009,-0.009,-0.009,-0.008
75104,2001/12/21,,11,1,4841,92552410,VIA,VIACOM INC,A,,,N,A,R,21866,0,1,4833,12485710,,,,,,,,,,,,,,,,,,,,,,,,,41.550,42.560,41.850,465000.000,-0.010872,42.100,42.330,137387.000,1.294,0.500,42.320,,-0.010872,0.006,0.006,0.010,0.010,0.004
75104,2001/12/24,,11,1,4841,92552410,VIA,VIACOM INC,A,,,N,A,R,21866,0,1,4833,12485710,,,,,,,,,,,,,,,,,,,,,,,,,42.000,42.800,42.600,112400.000,0.017921,42.330,42.790,137387.000,1.294,0.500,42.000,,0.017921,0.000,0.000,0.004,0.004,-0.000
75104,2001/12/26,,11,1,4841,92552410,VIA,VIACOM INC,A,,,N,A,R,21866,0,1,4833,12485710,,,,,,,,,,,,,,,,,,,,,,,,,42.300,43.950,43.300,263600.000,0.016432,43.090,43.520,137387.000,1.294,0.500,42.650,,0.016432,0.005,0.005,0.007,0.007,0.004
75104,2001/12/27,,11,1,4841,92552410,VIA,VIACOM INC,A,,,N,A,R,21866,0,1,4833,12485710,,,,,,,,,,,,,,,,,,,,,,,,,43.280,44.190,43.830,222300.000,0.012240,43.560,43.960,137387.000,1.294,0.500,43.300,,0.012240,0.007,0.007,0.008,0.008,0.007
75104,2001/12/28,,11,1,4841,92552410,VIA,VIACOM INC,A,,,N,A,R,21866,0,1,4833,12485710,,,,,,,,,,,,,,,,,,,,,,,,,44.440,45.370,45.050,460800.000,0.027835,44.710,45.220,137387.000,1.294,0.500,44.550,,0.027835,0.004,0.004,0.009,0.009,0.003
75104,2001/12/31,,11,1,4841,92552410,VIA,VIACOM INC,A,,,N,A,R,21866,0,1,4833,12485710,,,,,,,,0.000,,,,,,,,,,,,,,,,,44.250,45.660,44.250,225400.000,-0.017758,44.100,44.420,137387.000,1.294,0.500,45.150,,-0.017758,-0.010,-0.010,0.007,0.007,-0.011
75104,2002/01/02,2004/06/09,11,1,4841,92552410,VIA,VIACOM INC,A,VIA,,N,A,R,21866,0,1,4833,12485710,,,,,,,,2.000,48.000,483.000,,,,,,,,,,,,,,,43.150,44.000,44.000,581900.000,-0.005650,43.650,44.070,137387.000,1.294,0.500,43.800,,-0.005650,0.004,0.004,0.008,0.008,0.006
75104,2002/01/03,,11,1,4841,92552410,VIA,VIACOM INC,A,VIA,,N,A,R,21866,0,1,4833,12485710,,,,,,,,,48.000,483.000,,,,,,,,,,,,,,,42.800,44.120,43.760,533100.000,-0.005455,43.670,43.850,137387.000,1.294,0.500,43.250,,-0.005455,0.010,0.010,0.013,0.013,0.009
75104,2002/01/04,,11,1,4841,92552410,VIA,VIACOM INC,A,VIA,,N,A,R,21866,0,1,4833,12485710,,,,,,,,,48.000,483.000,,,,,,,,,,,,,,,44.800,45.600,45.300,476000.000,0.035192,45.150,45.480,137387.000,1.294,0.500,45.200,,0.035192,0.007,0.007,0.011,0.011,0.006
75104,2002/01/07,,11,1,4841,92552410,VIA,VIACOM INC,A,VIA,,N,A,R,21866,0,1,4833,12485710,,,,,,,,,48.000,483.000,,,,,,,,,,,,,,,46.600,47.500,46.800,571300.000,0.033113,46.630,47.090,137387.000,1.294,0.500,46.900,,0.033113,-0.007,-0.007,-0.000,-0.000,-0.006
75104,2002/01/08,,11,1,4841,92552410,VIA,VIACOM INC,A,VIA,,N,A,R,21866,0,1,4833,12485710,,,,,,,,,48.000,483.000,,,,,,,,,,,,,,,45.000,47.000,45.090,529500.000,-0.036538,44.900,45.250,137387.000,1.294,0.500,47.000,,-0.036538,-0.002,-0.003,0.005,0.005,-0.004
75104,2002/01/09,,11,1,4841,92552410,VIA,VIACOM INC,A,VIA,,N,A,R,21866,0,1,4833,12485710,,,,,,,,,48.000,483.000,,,,,,,,,,,,,,,45.190,46.770,45.360,387800.000,0.005988,45.060,45.410,137387.000,1.294,0.500,45.300,,0.005988,-0.004,-0.004,0.001,0.001,-0.005
75104,2002/01/10,,11,1,4841,92552410,VIA,VIACOM INC,A,VIA,,N,A,R,21866,0,1,4833,12485710,,,,,,,,,48.000,483.000,,,,,,,,,,,,,,,44.780,45.540,45.130,434000.000,-0.005071,44.970,45.360,137387.000,1.294,0.500,45.180,,-0.005071,0.001,0.001,0.000,0.000,0.001
75104,2002/01/11,,11,1,4841,92552410,VIA,VIACOM INC,A,VIA,,N,A,R,21866,0,1,4833,12485710,,,,,,,,,48.000,483.000,,,,,,,,,,,,,,,44.100,45.100,44.100,234200.000,-0.022823,43.940,44.310,137387.000,1.294,0.500,45.000,,-0.022823,-0.009,-0.009,-0.004,-0.004,-0.009
75104,2002/01/14,,11,1,4841,92552410,VIA,VIACOM INC,A,VIA,,N,A,R,21866,0,1,4833,12485710,,,,,,,,,48.000,483.000,,,,,,,,,,,,,,,43.550,44.790,44.070,338400.000,-0.000680,43.870,44.160,137387.000,1.294,0.500,43.850,,-0.000680,-0.008,-0.008,-0.010,-0.010,-0.006
75104,2002/01/15,,11,1,4841,92552410,VIA,VIACOM INC,A,VIA,,N,A,R,21866,0,1,4833,12485710,,,,,,,,,48.000,483.000,,,,,,,,,,,,,,,43.920,44.940,44.930,284900.000,0.019514,44.770,45.090,137387.000,1.294,0.500,44.030,,0.019514,0.006,0.006,0.001,0.001,0.007
75104,2002/01/16,,11,1,4841,92552410,VIA,VIACOM INC,A,VIA,,N,A,R,21866,0,1,4833,12485710,,,,,,,,,48.000,483.000,,,,,,,,,,,,,,,42.780,44.510,42.800,271400.000,-0.047407,42.620,43.020,137387.000,1.294,0.500,44.500,,-0.047407,-0.016,-0.016,-0.011,-0.011,-0.016
75104,2002/01/17,,11,1,4841,92552410,VIA,VIACOM INC,A,VIA,,N,A,R,21866,0,1,4833,12485710,,,,,,,,,48.000,483.000,,,,,,,,,,,,,,,39.960,42.260,42.060,1046700.000,-0.017290,41.850,42.210,137387.000,1.294,0.500,42.250,,-0.017290,0.010,0.010,0.007,0.007,0.010
75104,2002/01/18,,11,1,4841,92552410,VIA,VIACOM INC,A,VIA,,N,A,R,21866,0,1,4833,12485710,,,,,,,,,48.000,483.000,,,,,,,,,,,,,,,40.250,41.950,40.700,883200.000,-0.032335,40.460,40.970,137387.000,1.294,0.500,41.000,,-0.032335,-0.010,-0.010,-0.006,-0.006,-0.010
75104,2002/01/22,,11,1,4841,92552410,VIA,VIACOM INC,A,VIA,,N,A,R,21866,0,1,4833,12485710,,,,,,,,,48.000,483.000,,,,,,,,,,,,,,,38.320,40.450,38.790,712100.000,-0.046929,38.650,39.110,137387.000,1.294,0.500,40.450,,-0.046929,-0.008,-0.008,-0.008,-0.008,-0.007
75104,2002/01/23,,11,1,4841,92552410,VIA,VIACOM INC,A,VIA,,N,A,R,21866,0,1,4833,12485710,,,,,,,,,48.000,483.000,,,,,,,,,,,,,,,38.310,39.090,38.720,632500.000,-0.001805,38.540,38.830,137387.000,1.294,0.500,38.900,,-0.001805,0.009,0.009,0.008,0.008,0.008
75104,2002/01/24,,11,1,4841,92552410,VIA,VIACOM INC,A,VIA,,N,A,R,21866,0,1,4833,12485710,,,,,,,,,48.000,483.000,,,,,,,,,,,,,,,38.870,40.000,39.750,433100.000,0.026601,39.600,40.010,137387.000,1.294,0.500,38.970,,0.026601,0.004,0.004,0.006,0.006,0.004
75104,2002/01/25,,11,1,4841,92552410,VIA,VIACOM INC,A,VIA,,N,A,R,21866,0,1,4833,12485710,,,,,,,,,48.000,483.000,,,,,,,,,,,,,,,39.080,41.040,39.600,759500.000,-0.003774,39.400,39.810,137387.000,1.294,0.500,40.000,,-0.003774,0.001,0.001,0.000,0.000,0.001
75104,2002/01/28,,11,1,4841,92552410,VIA,VIACOM INC,A,VIA,,N,A,R,21866,0,1,4833,12485710,,,,,,,,,48.000,483.000,,,,,,,,,,,,,,,39.250,40.160,39.660,442400.000,0.001515,39.560,39.950,137387.000,1.294,0.500,39.980,,0.001515,0.000,0.000,0.000,0.000,-0.000
75104,2002/01/29,,11,1,4841,92552410,VIA,VIACOM INC,A,VIA,,N,A,R,21866,0,1,4833,12485710,,,,,,,,,48.000,483.000,,,,,,,,,,,,,,,38.860,40.450,39.280,332200.000,-0.009581,39.130,39.470,137387.000,1.294,0.500,39.910,,-0.009581,-0.025,-0.025,-0.011,-0.012,-0.029
75104,2002/01/30,,11,1,4841,92552410,VIA,VIACOM INC,A,VIA,,N,A,R,21866,0,1,4833,12485710,,,,,,,,,48.000,483.000,,,,,,,,,,,,,,,36.500,39.900,39.390,548900.000,0.002800,39.190,39.550,137387.000,1.294,0.500,39.080,,0.002800,0.010,0.010,0.004,0.004,0.012
75104,2002/01/31,,11,1,4841,92552410,VIA,VIACOM INC,A,VIA,,N,A,R,21866,0,1,4833,12485710,,,,,,,,0.000,48.000,483.000,,,,,,,,,,,,,,,39.400,40.350,39.930,934200.000,0.013709,39.930,40.090,137387.000,1.294,0.500,39.400,,0.013709,0.013,0.013,0.010,0.009,0.015
75104,2002/02/01,,11,1,4841,92552410,VIA,VIACOM INC,A,VIA,,N,A,R,21866,0,1,4833,12485710,,,,,,,,,48.000,483.000,,,,,,,,,,,,,,,38.180,40.060,38.400,544000.000,-0.038317,38.110,38.750,137387.000,1.294,0.500,39.700,,-0.038317,-0.006,-0.006,-0.002,-0.002,-0.007
75104,2002/02/04,,11,1,4841,92552410,VIA,VIACOM INC,A,VIA,,N,A,R,21866,0,1,4833,12485710,,,,,,,,,48.000,483.000,,,,,,,,,,,,,,,36.650,38.400,36.930,405200.000,-0.038281,36.610,37.150,137387.000,1.294,0.500,38.400,,-0.038281,-0.024,-0.024,-0.016,-0.016,-0.025
75104,2002/02/05,,11,1,4841,92552410,VIA,VIACOM INC,A,VIA,,N,A,R,21866,0,1,4833,12485710,,,,,,,,,48.000,483.000,,,,,,,,,,,,,,,36.830,38.100,37.650,487300.000,0.019496,37.300,37.810,137387.000,1.294,0.500,36.960,,0.019496,-0.005,-0.005,-0.008,-0.008,-0.004
75104,2002/02/06,,11,1,4841,92552410,VIA,VIACOM INC,A,VIA,,N,A,R,21866,0,1,4833,12485710,,,,,,,,,48.000,483.000,,,,,,,,,,,,,,,37.320,38.840,37.630,445200.000,-0.000531,37.620,37.690,137387.000,1.294,0.500,38.400,,-0.000531,-0.007,-0.007,-0.010,-0.010,-0.006
75104,2002/02/07,,11,1,4841,92552410,VIA,VIACOM INC,A,VIA,,N,A,R,21866,0,1,4833,12485710,,,,,,,,,48.000,483.000,,,,,,,,,,,,,,,37.880,39.990,39.380,452500.000,0.046505,39.300,39.630,137387.000,1.294,0.500,37.880,,0.046505,-0.004,-0.004,-0.006,-0.006,-0.003
75104,2002/02/08,,11,1,4841,92552410,VIA,VIACOM INC,A,VIA,,N,A,R,21866,0,1,4833,12485710,,,,,,,,,48.000,483.000,,,,,,,,,,,,,,,39.200,41.470,41.330,599900.000,0.049518,41.030,41.580,137387.000,1.294,0.500,39.300,,0.049518,0.016,0.016,0.012,0.012,0.015
75104,2002/02/11,,11,1,4841,92552410,VIA,VIACOM INC,A,VIA,,N,A,R,21866,0,1,4833,12485710,,,,,,,,,48.000,483.000,,,,,,,,,,,,,,,40.950,42.970,42.350,472000.000,0.024679,42.090,42.600,137387.000,1.294,0.500,41.300,,0.024679,0.013,0.013,0.008,0.008,0.014
75104,2002/02/12,,11,1,4841,92552410,VIA,VIACOM INC,A,VIA,,N,A,R,21866,0,1,4833,12485710,,,,,,,,,48.000,483.000,,,,,,,,,,,,,,,41.720,43.950,43.160,446200.000,0.019126,42.900,43.410,137387.000,1.294,0.500,42.000,,0.019126,-0.003,-0.003,-0.000,-0.000,-0.004
75104,2002/02/13,,11,1,4841,92552410,VIA,VIACOM INC,A,VIA,,N,A,R,21866,0,1,4833,12485710,,,,,,,,,48.000,483.000,,,,,,,,,,,,,,,42.750,45.290,43.410,643500.000,0.005792,43.160,43.670,137387.000,1.294,0.500,43.150,,0.005792,0.010,0.009,0.006,0.006,0.010
75104,2002/02/14,,11,1,4841,92552410,VIA,VIACOM INC,A,VIA,,N,A,R,21866,0,1,4833,12485710,,,,,,,,,48.000,483.000,,,,,,,,,,,,,,,43.750,44.800,44.170,327100.000,0.017507,43.910,44.420,137387.000,1.294,0.500,43.980,,0.017507,-0.002,-0.003,-0.005,-0.005,-0.002
75104,2002/02/15,,11,1,4841,92552410,VIA,VIACOM INC,A,VIA,,N,A,R,21866,0,1,4833,12485710,,,,,,,,,48.000,483.000,,,,,,,,,,,,,,,43.500,44.800,43.550,251800.000,-0.014037,43.150,43.960,137387.000,1.294,0.500,44.620,,-0.014037,-0.010,-0.010,-0.004,-0.004,-0.011
75104,2002/02/19,,11,1,4841,92552410,VIA,VIACOM INC,A,VIA,,N,A,R,21866,0,1,4833,12485710,,,,,,,,,48.000,483.000,,,,,,,,,,,,,,,42.200,43.530,42.380,360100.000,-0.026866,42.080,42.460,137387.000,1.294,0.500,43.530,,-0.026866,-0.019,-0.019,-0.015,-0.015,-0.019
75104,2002/02/20,,11,1,4841,92552410,VIA,VIACOM INC,A,VIA,,N,A,R,21866,0,1,4833,12485710,,,,,,,,,48.000,483.000,,,,,,,,,,,,,,,42.050,43.510,43.340,478600.000,0.022652,43.050,43.570,137387.000,1.294,0.500,42.600,,0.022652,0.013,0.013,0.005,0.005,0.014
75104,2002/02/21,,11,1,4841,92552410,VIA,VIACOM INC,A,VIA,,N,A,R,21866,0,1,4833,12485710,,,,,,,,,48.000,483.000,,,,,,,,,,,,,,,42.310,44.200,43.600,331000.000,0.005999,43.550,43.680,137387.000,1.294,0.500,42.650,,0.005999,-0.015,-0.015,-0.009,-0.009,-0.016
75104,2002/02/22,,11,1,4841,92552410,VIA,VIACOM INC,A,VIA,,N,A,R,21866,0,1,4833,12485710,,,,,,,,,48.000,483.000,,,,,,,,,,,,,,,43.100,44.270,44.120,198800.000,0.011927,43.840,44.380,137387.000,1.294,0.500,43.200,,0.011927,0.007,0.007,0.004,0.004,0.008
75104,2002/02/25,,11,1,4841,92552410,VIA,VIACOM INC,A,VIA,,N,A,R,21866,0,1,4833,12485710,,,,,,,,,48.000,483.000,,,,,,,,,,,,,,,44.070,46.350,46.020,389300.000,0.043064,46.030,46.380,137387.000,1.294,0.500,44.120,,0.043064,0.016,0.016,0.005,0.005,0.018
75104,2002/02/26,,11,1,4841,92552410,VIA,VIACOM INC,A,VIA,,N,A,R,21866,0,1,4833,12485710,,,,,,,,,48.000,483.000,,,,,,,,,,,,,,,45.500,47.050,46.780,372700.000,0.016515,46.400,46.960,137387.000,1.294,0.500,46.000,,0.016515,0.001,0.001,0.003,0.003,-0.000
75104,2002/02/27,,11,1,4841,92552410,VIA,VIACOM INC,A,VIA,,N,A,R,21866,0,1,4833,12485710,,,,,,,,,48.000,483.000,,,,,,,,,,,,,,,45.710,47.190,46.570,342800.000,-0.004489,46.250,46.760,137387.000,1.294,0.500,46.900,,-0.004489,0.001,0.001,0.003,0.003,0.000
75104,2002/02/28,,11,1,4841,92552410,VIA,VIACOM INC,A,VIA,,N,A,R,21866,0,1,4833,12485710,,,,,,,,0.000,48.000,483.000,,,,,,,,,,,,,,,46.500,47.900,46.690,374300.000,0.002577,46.300,46.820,137387.000,1.294,0.500,46.700,,0.002577,-0.003,-0.003,-0.001,-0.001,-0.003
75104,2002/03/01,,11,1,4841,92552410,VIA,VIACOM INC,A,VIA,,N,A,R,21866,0,1,4833,12485710,,,,,,,,,48.000,483.000,,,,,,,,,,,,,,,46.320,47.800,47.790,282700.000,0.023560,47.450,48.050,137387.000,1.294,0.500,46.700,,0.023560,0.022,0.022,0.012,0.012,0.023
75104,2002/03/04,,11,1,4841,92552410,VIA,VIACOM INC,A,VIA,,N,A,R,21866,0,1,4833,12485710,,,,,,,,,48.000,483.000,,,,,,,,,,,,,,,47.860,50.090,49.450,388500.000,0.034735,49.200,49.740,137387.000,1.294,0.500,47.910,,0.034735,0.020,0.020,0.015,0.015,0.019
75104,2002/03/05,,11,1,4841,92552410,VIA,VIACOM INC,A,VIA,,N,A,R,21866,0,1,4833,12485710,,,,,,,,,48.000,483.000,,,,,,,,,,,,,,,48.880,50.480,49.070,401700.000,-0.007685,48.660,49.190,137387.000,1.294,0.500,49.450,,-0.007685,-0.005,-0.005,0.003,0.003,-0.007
75104,2002/03/06,,11,1,4841,92552410,VIA,VIACOM INC,A,VIA,,N,A,R,21866,0,1,4833,12485710,,,,,,,,,48.000,483.000,,,,,,,,,,,,,,,49.040,51.150,50.800,306100.000,0.035256,50.410,50.750,137387.000,1.294,0.500,49.100,,0.035256,0.014,0.014,0.013,0.012,0.015
75104,2002/03/07,,11,1,4841,92552410,VIA,VIACOM INC,A,VIA,,N,A,R,21866,0,1,4833,12485710,,,,,,,,,48.000,483.000,,,,,,,,,,,,,,,49.160,51.340,50.000,436300.000,-0.015748,49.630,50.160,137387.000,1.294,0.500,51.190,,-0.015748,-0.004,-0.004,0.004,0.004,-0.004
75104,2002/03/08,,11,1,4841,92552410,VIA,VIACOM INC,A,VIA,,N,A,R,21866,0,1,4833,12485710,,,,,,,,,48.000,483.000,,,,,,,,,,,,,,,49.900,51.390,50.130,239700.000,0.002600,49.760,50.290,137387.000,1.294,0.500,51.000,,0.002600,0.007,0.007,0.009,0.009,0.006
75104,2002/03/11,,11,1,4841,92552410,VIA,VIACOM INC,A,VIA,,N,A,R,21866,0,1,4833,12485710,,,,,,,,,48.000,483.000,,,,,,,,,,,,,,,49.380,50.400,50.250,254600.000,0.002394,49.910,50.500,137387.000,1.294,0.500,50.000,,0.002394,0.003,0.003,0.005,0.005,0.003
75104,2002/03/12,,11,1,4841,92552410,VIA,VIACOM INC,A,VIA,,N,A,R,21866,0,1,4833,12485710,,,,,,,,,48.000,483.000,,,,,,,,,,,,,,,49.650,50.700,49.950,181900.000,-0.005970,49.610,50.120,137387.000,1.294,0.500,49.710,,-0.005970,-0.003,-0.003,-0.003,-0.003,-0.002
75104,2002/03/13,,11,1,4841,92552410,VIA,VIACOM INC,A,VIA,,N,A,R,21866,0,1,4833,12485710,,,,,,,,,48.000,483.000,,,,,,,,,,,,,,,48.520,49.910,48.740,241400.000,-0.024224,48.440,48.990,137387.000,1.294,0.500,49.900,,-0.024224,-0.009,-0.009,-0.003,-0.004,-0.010
75104,2002/03/14,,11,1,4841,92552410,VIA,VIACOM INC,A,VIA,,N,A,R,21866,0,1,4833,12485710,,,,,,,,,48.000,483.000,,,,,,,,,,,,,,,48.450,49.650,48.820,222500.000,0.001641,48.440,49.010,137387.000,1.294,0.500,49.150,,0.001641,-0.000,-0.000,0.004,0.004,-0.001
75104,2002/03/15,,11,1,4841,92552410,VIA,VIACOM INC,A,VIA,,N,A,R,21866,0,1,4833,12485710,,,,,,,,,48.000,483.000,,,,,,,,,,,,,,,48.850,50.400,49.610,287200.000,0.016182,49.350,49.910,137387.000,1.294,0.500,48.850,,0.016182,0.010,0.010,0.005,0.005,0.011
75104,2002/03/18,,11,1,4841,92552410,VIA,VIACOM INC,A,VIA,,N,A,R,21866,0,1,4833,12485710,,,,,,,,,48.000,483.000,,,,,,,,,,,,,,,50.010,51.260,50.830,409000.000,0.024592,51.000,51.270,137387.000,1.294,0.500,50.010,,0.024592,0.001,0.001,0.005,0.005,-0.001
75104,2002/03/19,,11,1,4841,92552410,VIA,VIACOM INC,A,VIA,,N,A,R,21866,0,1,4833,12485710,,,,,,,,,48.000,483.000,,,,,,,,,,,,,,,50.820,51.730,50.980,239800.000,0.002951,50.730,51.240,137387.000,1.294,0.500,51.600,,0.002951,0.003,0.003,0.003,0.003,0.004
75104,2002/03/20,,11,1,4841,92552410,VIA,VIACOM INC,A,VIA,,N,A,R,21866,0,1,4833,12485710,,,,,,,,,48.000,483.000,,,,,,,,,,,,,,,50.660,51.890,51.490,236900.000,0.010004,51.220,51.730,137387.000,1.294,0.500,50.730,,0.010004,-0.014,-0.014,-0.006,-0.006,-0.016
75104,2002/03/21,,11,1,4841,92552410,VIA,VIACOM INC,A,VIA,,N,A,R,21866,0,1,4833,12485710,,,,,,,,,48.000,483.000,,,,,,,,,,,,,,,49.750,51.490,50.800,288500.000,-0.013401,50.550,51.100,137387.000,1.294,0.500,51.390,,-0.013401,0.003,0.003,0.006,0.006,0.002
75104,2002/03/22,,11,1,4841,92552410,VIA,VIACOM INC,A,VIA,,N,A,R,21866,0,1,4833,12485710,,,,,,,,,48.000,483.000,,,,,,,,,,,,,,,49.590,50.770,50.300,208500.000,-0.009843,50.040,50.550,137387.000,1.294,0.500,49.900,,-0.009843,-0.004,-0.004,-0.000,-0.000,-0.004
75104,2002/03/25,,11,1,4841,92552410,VIA,VIACOM INC,A,VIA,,N,A,R,21866,0,1,4833,12485710,,,,,,,,,48.000,483.000,,,,,,,,,,,,,,,49.050,51.080,49.510,277200.000,-0.015706,49.250,49.760,137387.000,1.294,0.500,50.800,,-0.015706,-0.014,-0.014,-0.007,-0.007,-0.015
75104,2002/03/26,,11,1,4841,92552410,VIA,VIACOM INC,A,VIA,,N,A,R,21866,0,1,4833,12485710,,,,,,,,,48.000,483.000,,,,,,,,,,,,,,,47.240,50.600,47.600,552100.000,-0.038578,47.340,48.010,137387.000,1.294,0.500,49.500,,-0.038578,0.006,0.006,0.005,0.004,0.006
75104,2002/03/27,,11,1,4841,92552410,VIA,VIACOM INC,A,VIA,,N,A,R,21866,0,1,4833,12485710,,,,,,,,,48.000,483.000,,,,,,,,,,,,,,,46.160,49.090,48.700,508800.000,0.023109,48.350,48.960,137387.000,1.294,0.500,47.600,,0.023109,0.006,0.005,0.006,0.006,0.005
75104,2002/03/28,,11,1,4841,92552410,VIA,VIACOM INC,A,VIA,,N,A,R,21866,0,1,4833,12485710,,,,,,,,0.000,48.000,483.000,,,,,,,,,,,,,,,48.280,49.390,48.600,423200.000,-0.002053,48.150,48.740,137387.000,1.294,0.500,48.700,,-0.002053,0.003,0.003,0.006,0.006,0.002
75104,2002/04/01,,11,1,4841,92552410,VIA,VIACOM INC,A,VIA,,N,A,R,21866,0,1,4833,12485710,,,,,,,,,48.000,483.000,,,,,,,,,,,,,,,46.850,48.360,48.120,448200.000,-0.009877,47.770,48.370,137387.000,1.294,0.500,48.350,,-0.009877,-0.001,-0.001,-0.001,-0.001,-0.001
75104,2002/04/02,,11,1,4841,92552410,VIA,VIACOM INC,A,VIA,,N,A,R,21866,0,1,4833,12485710,,,,,,,,,48.000,483.000,,,,,,,,,,,,,,,46.960,48.150,47.930,282500.000,-0.003948,47.670,48.190,137387.000,1.294,0.500,48.000,,-0.003948,-0.009,-0.009,-0.005,-0.005,-0.009
75104,2002/04/03,,11,1,4841,92552410,VIA,VIACOM INC,A,VIA,,N,A,R,21866,0,1,4833,12485710,,,,,,,,,48.000,483.000,,,,,,,,,,,,,,,47.070,48.180,47.320,251200.000,-0.012727,47.250,47.480,137387.000,1.294,0.500,48.180,,-0.012727,-0.009,-0.010,-0.006,-0.006,-0.010
75104,2002/04/04,,11,1,4841,92552410,VIA,VIACOM INC,A,VIA,,N,A,R,21866,0,1,4833,12485710,,,,,,,,,48.000,483.000,,,,,,,,,,,,,,,47.750,48.940,48.580,418900.000,0.026627,48.350,48.570,137387.000,1.294,0.500,47.850,,0.026627,0.001,0.001,0.001,0.001,0.001
75104,2002/04/05,,11,1,4841,92552410,VIA,VIACOM INC,A,VIA,,N,A,R,21866,0,1,4833,12485710,,,,,,,,,48.000,483.000,,,,,,,,,,,,,,,48.650,50.320,49.630,291500.000,0.021614,49.530,49.740,137387.000,1.294,0.500,48.650,,0.021614,-0.003,-0.003,-0.000,-0.000,-0.003
75104,2002/04/08,,11,1,4841,92552410,VIA,VIACOM INC,A,VIA,,N,A,R,21866,0,1,4833,12485710,,,,,,,,,48.000,483.000,,,,,,,,,,,,,,,48.850,49.990,49.960,281200.000,0.006649,49.840,50.100,137387.000,1.294,0.500,49.000,,0.006649,0.003,0.003,0.003,0.002,0.002
75104,2002/04/09,,11,1,4841,92552410,VIA,VIACOM INC,A,VIA,,N,A,R,21866,0,1,4833,12485710,,,,,,,,,48.000,483.000,,,,,,,,,,,,,,,49.320,50.650,49.890,218100.000,-0.001401,49.780,50.000,137387.000,1.294,0.500,50.210,,-0.001401,-0.006,-0.006,-0.002,-0.002,-0.007
75104,2002/04/10,,11,1,4841,92552410,VIA,VIACOM INC,A,VIA,,N,A,R,21866,0,1,4833,12485710,,,,,,,,,48.000,483.000,,,,,,,,,,,,,,,49.020,50.150,49.910,158500.000,0.000401,49.880,50.090,137387.000,1.294,0.500,49.980,,0.000401,0.011,0.011,0.009,0.008,0.011
75104,2002/04/11,,11,1,4841,92552410,VIA,VIACOM INC,A,VIA,,N,A,R,21866,0,1,4833,12485710,,,,,,,,,48.000,483.000,,,,,,,,,,,,,,,48.520,50.220,48.650,203400.000,-0.025245,48.530,48.760,137387.000,1.294,0.500,49.890,,-0.025245,-0.021,-0.021,-0.010,-0.010,-0.024
75104,2002/04/12,,11,1,4841,92552410,VIA,VIACOM INC,A,VIA,,N,A,R,21866,0,1,4833,12485710,,,,,,,,,48.000,483.000,,,,,,,,,,,,,,,48.590,49.180,49.020,210900.000,0.007605,48.860,49.090,137387.000,1.294,0.500,48.780,,0.007605,0.008,0.008,0.011,0.011,0.007
75104,2002/04/15,,11,1,4841,92552410,VIA,VIACOM INC,A,VIA,,N,A,R,21866,0,1,4833,12485710,,,,,,,,,48.000,483.000,,,,,,,,,,,,,,,48.510,49.730,48.580,173800.000,-0.008976,48.460,48.690,137387.000,1.294,0.500,49.080,,-0.008976,-0.006,-0.006,-0.001,-0.001,-0.008
75104,2002/04/16,,11,1,4841,92552410,VIA,VIACOM INC,A,VIA,,N,A,R,21866,0,1,4833,12485710,,,,,,,,,48.000,483.000,,,,,,,,,,,,,,,48.500,49.470,49.110,280300.000,0.010910,49.110,49.160,137387.000,1.294,0.500,48.500,,0.010910,0.022,0.022,0.016,0.016,0.023
75104,2002/04/17,,11,1,4841,92552410,VIA,VIACOM INC,A,VIA,,N,A,R,21866,0,1,4833,12485710,,,,,,,,,48.000,483.000,,,,,,,,,,,,,,,48.750,49.230,49.120,227400.000,0.000204,48.990,49.230,137387.000,1.294,0.500,48.750,,0.000204,-0.002,-0.002,0.001,0.001,-0.002
75104,2002/04/18,,11,1,4841,92552410,VIA,VIACOM INC,A,VIA,,N,A,R,21866,0,1,4833,12485710,,,,,,,,,48.000,483.000,,,,,,,,,,,,,,,49.020,50.080,49.650,198500.000,0.010790,49.570,49.590,137387.000,1.294,0.500,49.180,,0.010790,-0.002,-0.002,0.003,0.003,-0.001
75104,2002/04/19,,11,1,4841,92552410,VIA,VIACOM INC,A,VIA,,N,A,R,21866,0,1,4833,12485710,,,,,,,,,48.000,483.000,,,,,,,,,,,,,,,49.920,50.650,50.650,259800.000,0.020141,50.600,50.650,137387.000,1.294,0.500,49.920,,0.020141,0.001,0.001,0.002,0.002,0.001
75104,2002/04/22,,11,1,4841,92552410,VIA,VIACOM INC,A,VIA,,N,A,R,21866,0,1,4833,12485710,,,,,,,,,48.000,483.000,,,,,,,,,,,,,,,50.500,51.360,50.500,275200.000,-0.002962,50.530,50.540,137387.000,1.294,0.500,50.850,,-0.002962,-0.015,-0.015,-0.008,-0.008,-0.015
75104,2002/04/23,,11,1,4841,92552410,VIA,VIACOM INC,A,VIA,,N,A,R,21866,0,1,4833,12485710,,,,,,,,,48.000,483.000,,,,,,,,,,,,,,,49.520,50.950,50.010,161600.000,-0.009703,49.880,50.110,137387.000,1.294,0.500,50.400,,-0.009703,-0.005,-0.005,-0.001,-0.001,-0.006
75104,2002/04/24,,11,1,4841,92552410,VIA,VIACOM INC,A,VIA,,N,A,R,21866,0,1,4833,12485710,,,,,,,,,48.000,483.000,,,,,,,,,,,,,,,49.860,51.160,50.310,270100.000,0.005999,50.210,50.310,137387.000,1.294,0.500,50.050,,0.005999,-0.006,-0.006,-0.002,-0.002,-0.007
75104,2002/04/25,,11,1,4841,92552410,VIA,VIACOM INC,A,VIA,,N,A,R,21866,0,1,4833,12485710,,,,,,,,,48.000,483.000,,,,,,,,,,,,,,,49.590,50.840,49.840,282800.000,-0.009342,49.730,49.950,137387.000,1.294,0.500,50.500,,-0.009342,-0.002,-0.002,-0.002,-0.002,-0.002
75104,2002/04/26,,11,1,4841,92552410,VIA,VIACOM INC,A,VIA,,N,A,R,21866,0,1,4833,12485710,,,,,,,,,48.000,483.000,,,,,,,,,,,,,,,47.900,49.850,48.210,335800.000,-0.032705,48.100,48.350,137387.000,1.294,0.500,49.850,,-0.032705,-0.013,-0.014,-0.009,-0.009,-0.014
75104,2002/04/29,,11,1,4841,92552410,VIA,VIACOM INC,A,VIA,,N,A,R,21866,0,1,4833,12485710,,,,,,,,,48.000,483.000,,,,,,,,,,,,,,,46.040,48.420,46.500,306300.000,-0.035470,46.340,46.600,137387.000,1.294,0.500,47.770,,-0.035470,-0.009,-0.009,-0.006,-0.006,-0.010
75104,2002/04/30,,11,1,4841,92552410,VIA,VIACOM INC,A,VIA,,N,A,R,21866,0,1,4833,12485710,,,,,,,,0.000,48.000,483.000,,,,,,,,,,,,,,,45.750,47.330,47.130,391800.000,0.013548,47.000,47.270,137368.000,1.294,0.500,46.200,,0.013548,0.012,0.012,0.010,0.010,0.011
75104,2002/05/01,,11,1,4841,92552410,VIA,VIACOM INC,A,VIA,,N,A,R,21866,0,1,4833,12485710,,,,,,,,,48.000,483.000,,,,,,,,,,,,,,,47.000,49.080,48.710,413500.000,0.033524,48.570,48.900,137368.000,1.294,0.500,47.000,,0.033524,0.008,0.007,0.001,0.001,0.009
75104,2002/05/02,,11,1,4841,92552410,VIA,VIACOM INC,A,VIA,,N,A,R,21866,0,1,4833,12485710,,,,,,,,,48.000,483.000,,,,,,,,,,,,,,,48.100,48.880,48.520,195500.000,-0.003901,48.400,48.690,137368.000,1.294,0.500,48.800,,-0.003901,-0.002,-0.002,0.000,0.000,-0.002
75104,2002/05/03,,11,1,4841,92552410,VIA,VIACOM INC,A,VIA,,N,A,R,21866,0,1,4833,12485710,,,,,,,,,48.000,483.000,,,,,,,,,,,,,,,46.890,48.020,47.260,200900.000,-0.025969,47.160,47.380,137368.000,1.294,0.500,48.010,,-0.025969,-0.009,-0.009,-0.002,-0.002,-0.010
75104,2002/05/06,,11,1,4841,92552410,VIA,VIACOM INC,A,VIA,,N,A,R,21866,0,1,4833,12485710,,,,,,,,,48.000,483.000,,,,,,,,,,,,,,,46.360,47.300,46.440,149700.000,-0.017351,46.310,46.500,137368.000,1.294,0.500,46.850,,-0.017351,-0.018,-0.018,-0.011,-0.011,-0.019
75104,2002/05/07,,11,1,4841,92552410,VIA,VIACOM INC,A,VIA,,N,A,R,21866,0,1,4833,12485710,,,,,,,,,48.000,483.000,,,,,,,,,,,,,,,46.200,47.240,46.290,183000.000,-0.003230,46.210,46.390,137368.000,1.294,0.500,46.950,,-0.003230,-0.004,-0.004,-0.006,-0.006,-0.003
75104,2002/05/08,,11,1,4841,92552410,VIA,VIACOM INC,A,VIA,,N,A,R,21866,0,1,4833,12485710,,,,,,,,,48.000,483.000,,,,,,,,,,,,,,,46.980,48.230,48.120,148600.000,0.039533,47.960,48.310,137368.000,1.294,0.500,47.150,,0.039533,0.034,0.034,0.019,0.019,0.038
75104,2002/05/09,,11,1,4841,92552410,VIA,VIACOM INC,A,VIA,,N,A,R,21866,0,1,4833,12485710,,,,,,,,,48.000,483.000,,,,,,,,,,,,,,,47.140,48.400,47.970,157100.000,-0.003117,47.850,48.100,137368.000,1.294,0.500,48.130,,-0.003117,-0.014,-0.014,-0.008,-0.008,-0.015
75104,2002/05/10,,11,1,4841,92552410,VIA,VIACOM INC,A,VIA,,N,A,R,21866,0,1,4833,12485710,,,,,,,,,48.000,483.000,,,,,,,,,,,,,,,46.530,48.120,46.900,208100.000,-0.022306,46.760,46.900,137368.000,1.294,0.500,48.060,,-0.022306,-0.015,-0.015,-0.008,-0.008,-0.017
75104,2002/05/13,,11,1,4841,92552410,VIA,VIACOM INC,A,VIA,,N,A,R,21866,0,1,4833,12485710,,,,,,,,,48.000,483.000,,,,,,,,,,,,,,,46.710,48.090,48.040,187600.000,0.024307,47.830,48.140,137368.000,1.294,0.500,46.750,,0.024307,0.017,0.017,0.007,0.007,0.019
75104,2002/05/14,,11,1,4841,92552410,VIA,VIACOM INC,A,VIA,,N,A,R,21866,0,1,4833,12485710,,,,,,,,,48.000,483.000,,,,,,,,,,,,,,,47.900,48.960,48.960,201200.000,0.019151,48.800,49.000,137368.000,1.294,0.500,48.450,,0.019151,0.021,0.021,0.015,0.015,0.021
75104,2002/05/15,,11,1,4841,92552410,VIA,VIACOM INC,A,VIA,,N,A,R,21866,0,1,4833,12485710,,,,,,,,,48.000,483.000,,,,,,,,,,,,,,,48.800,50.880,49.970,268500.000,0.020629,49.860,50.110,137368.000,1.294,0.500,48.940,,0.020629,-0.003,-0.004,0.001,0.001,-0.006
75104,2002/05/16,,11,1,4841,92552410,VIA,VIACOM INC,A,VIA,,N,A,R,21866,0,1,4833,12485710,,,,,,,,,48.000,483.000,,,,,,,,,,,,,,,49.810,50.400,50.080,163000.000,0.002201,49.960,50.180,137368.000,1.294,0.500,50.220,,0.002201,0.004,0.003,-0.001,-0.001,0.007
75104,2002/05/17,,11,1,4841,92552410,VIA,VIACOM INC,A,VIA,,N,A,R,21866,0,1,4833,12485710,,,,,,,,,48.000,483.000,,,,,,,,,,,,,,,49.880,50.420,50.010,138600.000,-0.001398,49.910,50.120,137368.000,1.294,0.500,50.140,,-0.001398,0.007,0.007,0.004,0.004,0.008
75104,2002/05/20,,11,1,4841,92552410,VIA,VIACOM INC,A,VIA,,N,A,R,21866,0,1,4833,12485710,,,,,,,,,48.000,483.000,,,,,,,,,,,,,,,49.550,50.180,49.760,111300.000,-0.004999,49.620,49.860,137368.000,1.294,0.500,50.050,,-0.004999,-0.012,-0.012,-0.006,-0.006,-0.013
75104,2002/05/21,,11,1,4841,92552410,VIA,VIACOM INC,A,VIA,,N,A,R,21866,0,1,4833,12485710,,,,,,,,,48.000,483.000,,,,,,,,,,,,,,,48.900,50.100,49.100,144200.000,-0.013264,49.060,49.170,137368.000,1.294,0.500,49.850,,-0.013264,-0.011,-0.011,-0.009,-0.009,-0.011
75104,2002/05/22,,11,1,4841,92552410,VIA,VIACOM INC,A,VIA,,N,A,R,21866,0,1,4833,12485710,,,,,,,,,48.000,483.000,,,,,,,,,,,,,,,47.840,49.100,48.310,165600.000,-0.016090,48.130,48.460,137368.000,1.294,0.500,48.850,,-0.016090,0.004,0.004,-0.002,-0.002,0.006
75104,2002/05/23,,11,1,4841,92552410,VIA,VIACOM INC,A,VIA,,N,A,R,21866,0,1,4833,12485710,,,,,,,,,48.000,483.000,,,,,,,,,,,,,,,47.650,48.570,48.530,162300.000,0.004554,48.300,48.630,137368.000,1.294,0.500,48.450,,0.004554,0.010,0.010,0.007,0.007,0.010
75104,2002/05/24,,11,1,4841,92552410,VIA,VIACOM INC,A,VIA,,N,A,R,21866,0,1,4833,12485710,,,,,,,,,48.000,483.000,,,,,,,,,,,,,,,48.280,48.860,48.480,104900.000,-0.001030,48.360,48.450,137368.000,1.294,0.500,48.760,,-0.001030,-0.011,-0.011,-0.005,-0.005,-0.012
75104,2002/05/28,,11,1,4841,92552410,VIA,VIACOM INC,A,VIA,,N,A,R,21866,0,1,4833,12485710,,,,,,,,,48.000,483.000,,,,,,,,,,,,,,,47.740,48.660,48.400,199600.000,-0.001650,48.290,48.510,137368.000,1.294,0.500,48.540,,-0.001650,-0.007,-0.007,-0.002,-0.002,-0.009
75104,2002/05/29,,11,1,4841,92552410,VIA,VIACOM INC,A,VIA,,N,A,R,21866,0,1,4833,12485710,,,,,,,,,48.000,483.000,,,,,,,,,,,,,,,47.820,48.940,48.320,170100.000,-0.001653,48.300,48.520,137368.000,1.294,0.500,48.410,,-0.001653,-0.007,-0.007,-0.006,-0.006,-0.006
75104,2002/05/30,,11,1,4841,92552410,VIA,VIACOM INC,A,VIA,,N,A,R,21866,0,1,4833,12485710,,,,,,,,,48.000,483.000,,,,,,,,,,,,,,,47.390,48.800,47.750,326800.000,-0.011796,47.560,47.850,137368.000,1.294,0.500,47.870,,-0.011796,-0.002,-0.002,-0.001,-0.001,-0.003
75104,2002/05/31,,11,1,4841,92552410,VIA,VIACOM INC,A,VIA,,N,A,R,21866,0,1,4833,12485710,,,,,,,,0.000,48.000,483.000,,,,,,,,,,,,,,,47.760,49.190,49.050,188500.000,0.027225,48.820,49.160,137293.000,1.294,0.500,48.250,,0.027225,0.002,0.002,0.003,0.003,0.002
75104,2002/06/03,,11,1,4841,92552410,VIA,VIACOM INC,A,VIA,,N,A,R,21866,0,1,4833,12485710,,,,,,,,,48.000,483.000,,,,,,,,,,,,,,,49.170,50.900,49.340,402400.000,0.005912,49.200,49.450,137293.000,1.294,0.500,49.170,,0.005912,-0.024,-0.024,-0.018,-0.018,-0.025
75104,2002/06/04,,11,1,4841,92552410,VIA,VIACOM INC,A,VIA,,N,A,R,21866,0,1,4833,12485710,,,,,,,,,48.000,483.000,,,,,,,,,,,,,,,48.900,50.400,49.640,582300.000,0.006080,49.530,49.750,137293.000,1.294,0.500,49.340,,0.006080,-0.001,-0.001,-0.004,-0.004,0.000
75104,2002/06/05,,11,1,4841,92552410,VIA,VIACOM INC,A,VIA,,N,A,R,21866,0,1,4833,12485710,,,,,,,,,48.000,483.000,,,,,,,,,,,,,,,48.920,50.420,49.400,354300.000,-0.004835,49.280,49.510,137293.000,1.294,0.500,50.150,,-0.004835,0.008,0.007,0.000,0.000,0.009
75104,2002/06/06,,11,1,4841,92552410,VIA,VIACOM INC,A,VIA,,N,A,R,21866,0,1,4833,12485710,,,,,,,,,48.000,483.000,,,,,,,,,,,,,,,48.760,49.500,49.030,245500.000,-0.007490,48.920,49.200,137293.000,1.294,0.500,49.500,,-0.007490,-0.018,-0.018,-0.015,-0.015,-0.020
75104,2002/06/07,,11,1,4841,92552410,VIA,VIACOM INC,A,VIA,,N,A,R,21866,0,1,4833,12485710,,,,,,,,,48.000,483.000,,,,,,,,,,,,,,,48.460,49.820,49.690,198100.000,0.013461,49.460,49.790,137293.000,1.294,0.500,48.800,,0.013461,-0.000,-0.000,0.002,0.002,-0.002
75104,2002/06/10,,11,1,4841,92552410,VIA,VIACOM INC,A,VIA,,N,A,R,21866,0,1,4833,12485710,,,,,,,,,48.000,483.000,,,,,,,,,,,,,,,49.450,50.070,49.650,574000.000,-0.000805,49.550,49.760,137293.000,1.294,0.500,49.580,,-0.000805,0.002,0.002,-0.003,-0.003,0.003
75104,2002/06/11,,11,1,4841,92552410,VIA,VIACOM INC,A,VIA,,N,A,R,21866,0,1,4833,12485710,,,,,,,,,48.000,483.000,,,,,,,,,,,,,,,48.650,49.920,48.900,372600.000,-0.015106,48.650,48.930,137293.000,1.294,0.500,49.700,,-0.015106,-0.016,-0.016,-0.009,-0.009,-0.017
75104,2002/06/12,,11,1,4841,92552410,VIA,VIACOM INC,A,VIA,,N,A,R,21866,0,1,4833,12485710,,,,,,,,,48.000,483.000,,,,,,,,,,,,,,,45.630,49.100,46.590,534100.000,-0.047239,46.570,46.690,137293.000,1.294,0.500,48.750,,-0.047239,0.005,0.004,-0.004,-0.005,0.007
75104,2002/06/13,,11,1,4841,92552410,VIA,VIACOM INC,A,VIA,,N,A,R,21866,0,1,4833,12485710,,,,,,,,,48.000,483.000,,,,,,,,,,,,,,,45.300,46.590,45.780,288000.000,-0.017386,45.600,45.800,137293.000,1.294,0.500,46.590,,-0.017386,-0.010,-0.010,-0.007,-0.007,-0.010
75104,2002/06/14,,11,1,4841,92552410,VIA,VIACOM INC,A,VIA,,N,A,R,21866,0,1,4833,12485710,,,,,,,,,48.000,483.000,,,,,,,,,,,,,,,42.950,45.120,44.920,377300.000,-0.018786,44.740,45.020,137293.000,1.294,0.500,44.150,,-0.018786,-0.001,-0.001,0.000,0.000,-0.002
75104,2002/06/17,,11,1,4841,92552410,VIA,VIACOM INC,A,VIA,,N,A,R,21866,0,1,4833,12485710,,,,,,,,,48.000,483.000,,,,,,,,,,,,,,,45.250,46.940,46.680,513000.000,0.039181,46.510,46.760,137293.000,1.294,0.500,45.300,,0.039181,0.027,0.027,0.015,0.015,0.029
75104,2002/06/18,,11,1,4841,92552410,VIA,VIACOM INC,A,VIA,,N,A,R,21866,0,1,4833,12485710,,,,,,,,,48.000,483.000,,,,,,,,,,,,,,,46.620,47.470,47.100,340700.000,0.008997,46.970,47.220,137293.000,1.294,0.500,46.620,,0.008997,0.000,0.000,-0.000,-0.001,0.001
75104,2002/06/19,,11,1,4841,92552410,VIA,VIACOM INC,A,VIA,,N,A,R,21866,0,1,4833,12485710,,,,,,,,,48.000,483.000,,,,,,,,,,,,,,,46.190,47.220,47.040,225100.000,-0.001274,46.780,47.050,137293.000,1.294,0.500,46.850,,-0.001274,-0.016,-0.016,-0.014,-0.015,-0.017
75104,2002/06/20,,11,1,4841,92552410,VIA,VIACOM INC,A,VIA,,N,A,R,21866,0,1,4833,12485710,,,,,,,,,48.000,483.000,,,,,,,,,,,,,,,44.740,46.790,44.980,252000.000,-0.043793,44.840,45.050,137293.000,1.294,0.500,46.790,,-0.043793,-0.013,-0.013,-0.004,-0.004,-0.013
75104,2002/06/21,,11,1,4841,92552410,VIA,VIACOM INC,A,VIA,,N,A,R,21866,0,1,4833,12485710,,,,,,,,,48.000,483.000,,,,,,,,,,,,,,,43.500,44.160,43.970,418300.000,-0.022454,43.760,44.080,137293.000,1.294,0.500,44.000,,-0.022454,-0.014,-0.014,-0.002,-0.002,-0.017
75104,2002/06/24,,11,1,4841,92552410,VIA,VIACOM INC,A,VIA,,N,A,R,21866,0,1,4833,12485710,,,,,,,,,48.000,483.000,,,,,,,,,,,,,,,43.460,46.200,45.700,495700.000,0.039345,45.350,45.570,137293.000,1.294,0.500,43.720,,0.039345,0.001,0.001,-0.005,-0.005,0.004
75104,2002/06/25,,11,1,4841,92552410,VIA,VIACOM INC,A,VIA,,N,A,R,21866,0,1,4833,12485710,,,,,,,,,48.000,483.000,,,,,,,,,,,,,,,44.360,45.840,44.490,378100.000,-0.026477,44.380,44.670,137293.000,1.294,0.500,45.700,,-0.026477,-0.015,-0.015,-0.008,-0.008,-0.017
75104,2002/06/26,,11,1,4841,92552410,VIA,VIACOM INC,A,VIA,,N,A,R,21866,0,1,4833,12485710,,,,,,,,,48.000,483.000,,,,,,,,,,,,,,,42.060,44.690,42.790,388000.000,-0.038211,42.650,42.890,137293.000,1.294,0.500,43.800,,-0.038211,-0.003,-0.004,-0.008,-0.009,-0.003
75104,2002/06/27,,11,1,4841,92552410,VIA,VIACOM INC,A,VIA,,N,A,R,21866,0,1,4833,12485710,,,,,,,,,48.000,483.000,,,,,,,,,,,,,,,38.990,43.330,41.670,1065000.000,-0.026174,41.660,41.940,137293.000,1.294,0.500,43.150,,-0.026174,0.016,0.016,0.012,0.011,0.018
75104,2002/06/28,,11,1,4841,92552410,VIA,VIACOM INC,A,VIA,,N,A,R,21866,0,1,4833,12485710,,,,,,,,0.000,48.000,483.000,,,,,,,,,,,,,,,41.550,44.560,44.460,737500.000,0.066955,44.450,44.500,137293.000,1.294,0.500,41.940,,0.066955,0.002,0.002,0.012,0.012,-0.001
75104,2002/07/01,,11,1,4841,92552410,VIA,VIACOM INC,A,VIA,,N,A,R,21866,0,1,4833,12485710,,,,,,,,,48.000,483.000,,,,,,,,,,,,,,,41.250,44.240,41.450,328600.000,-0.067701,41.230,41.490,137293.000,1.294,0.500,43.850,,-0.067701,-0.022,-0.022,-0.019,-0.019,-0.021
75104,2002/07/02,,11,1,4841,92552410,VIA,VIACOM INC,A,VIA,,N,A,R,21866,0,1,4833,12485710,,,,,,,,,48.000,483.000,,,,,,,,,,,,,,,39.400,42.230,41.950,536600.000,0.012063,41.800,42.050,137293.000,1.294,0.500,41.400,,0.012063,-0.022,-0.023,-0.023,-0.023,-0.021
75104,2002/07/03,,11,1,4841,92552410,VIA,VIACOM INC,A,VIA,,N,A,R,21866,0,1,4833,12485710,,,,,,,,,48.000,483.000,,,,,,,,,,,,,,,41.050,43.300,43.050,322500.000,0.026222,42.980,43.220,137293.000,1.294,0.500,41.750,,0.026222,0.004,0.004,-0.005,-0.005,0.006
75104,2002/07/05,,11,1,4841,92552410,VIA,VIACOM INC,A,VIA,,N,A,R,21866,0,1,4833,12485710,,,,,,,,,48.000,483.000,,,,,,,,,,,,,,,43.300,44.930,44.850,169600.000,0.041812,44.670,45.000,137293.000,1.294,0.500,43.400,,0.041812,0.034,0.034,0.022,0.022,0.037
75104,2002/07/08,,11,1,4841,92552410,VIA,VIACOM INC,A,VIA,,N,A,R,21866,0,1,4833,12485710,,,,,,,,,48.000,483.000,,,,,,,,,,,,,,,42.310,44.960,42.740,391100.000,-0.047046,42.700,42.740,137293.000,1.294,0.500,44.620,,-0.047046,-0.011,-0.012,-0.008,-0.008,-0.012
75104,2002/07/09,,11,1,4841,92552410,VIA,VIACOM INC,A,VIA,,N,A,R,21866,0,1,4833,12485710,,,,,,,,,48.000,483.000,,,,,,,,,,,,,,,40.500,43.250,40.810,432500.000,-0.045157,40.560,40.910,137293.000,1.294,0.500,42.600,,-0.045157,-0.022,-0.022,-0.007,-0.007,-0.025
75104,2002/07/10,,11,1,4841,92552410,VIA,VIACOM INC,A,VIA,,N,A,R,21866,0,1,4833,12485710,,,,,,,,,48.000,483.000,,,,,,,,,,,,,,,35.770,40.010,36.100,1212300.000,-0.115413,35.760,35.990,137293.000,1.294,0.500,40.000,,-0.115413,-0.030,-0.030,-0.016,-0.016,-0.034
75104,2002/07/11,,11,1,4841,92552410,VIA,VIACOM INC,A,VIA,,N,A,R,21866,0,1,4833,12485710,,,,,,,,,48.000,483.000,,,,,,,,,,,,,,,34.700,37.400,37.240,1438100.000,0.031579,37.130,37.350,137293.000,1.294,0.500,34.800,,0.031579,0.005,0.005,-0.004,-0.004,0.007
75104,2002/07/12,,11,1,4841,92552410,VIA,VIACOM INC,A,VIA,,N,A,R,21866,0,1,4833,12485710,,,,,,,,,48.000,483.000,,,,,,,,,,,,,,,37.300,39.740,39.110,484300.000,0.050215,38.970,39.210,137293.000,1.294,0.500,37.300,,0.050215,-0.006,-0.006,-0.002,-0.002,-0.006
75104,2002/07/15,,11,1,4841,92552410,VIA,VIACOM INC,A,VIA,,N,A,R,21866,0,1,4833,12485710,,,,,,,,,48.000,483.000,,,,,,,,,,,,,,,36.900,39.310,39.130,386800.000,0.000511,38.910,39.270,137293.000,1.294,0.500,38.500,,0.000511,-0.005,-0.005,-0.010,-0.010,-0.004
75104,2002/07/16,,11,1,4841,92552410,VIA,VIACOM INC,A,VIA,,N,A,R,21866,0,1,4833,12485710,,,,,,,,,48.000,483.000,,,,,,,,,,,,,,,37.030,39.100,37.170,330400.000,-0.050090,37.060,37.400,137293.000,1.294,0.500,39.000,,-0.050090,-0.014,-0.014,-0.000,-0.000,-0.018
75104,2002/07/17,,11,1,4841,92552410,VIA,VIACOM INC,A,VIA,,N,A,R,21866,0,1,4833,12485710,,,,,,,,,48.000,483.000,,,,,,,,,,,,,,,37.360,39.480,38.090,344500.000,0.024751,38.050,38.100,137293.000,1.294,0.500,38.720,,0.024751,0.006,0.006,0.005,0.005,0.006
75104,2002/07/18,,11,1,4841,92552410,VIA,VIACOM INC,A,VIA,,N,A,R,21866,0,1,4833,12485710,,,,,,,,,48.000,483.000,,,,,,,,,,,,,,,37.080,38.600,37.300,295900.000,-0.020740,37.010,37.380,137293.000,1.294,0.500,38.600,,-0.020740,-0.025,-0.025,-0.014,-0.014,-0.027
75104,2002/07/19,,11,1,4841,92552410,VIA,VIACOM INC,A,VIA,,N,A,R,21866,0,1,4833,12485710,,,,,,,,,48.000,483.000,,,,,,,,,,,,,,,34.200,36.700,34.500,373300.000,-0.075067,34.350,34.600,137293.000,1.294,0.500,35.960,,-0.075067,-0.033,-0.033,-0.019,-0.019,-0.038
75104,2002/07/22,,11,1,4841,92552410,VIA,VIACOM INC,A,VIA,,N,A,R,21866,0,1,4833,12485710,,,,,,,,,48.000,483.000,,,,,,,,,,,,,,,33.240,35.150,34.610,448500.000,0.003188,34.410,34.720,137293.000,1.294,0.500,34.500,,0.003188,-0.032,-0.032,-0.021,-0.021,-0.033
75104,2002/07/23,,11,1,4841,92552410,VIA,VIACOM INC,A,VIA,,N,A,R,21866,0,1,4833,12485710,,,,,,,,,48.000,483.000,,,,,,,,,,,,,,,31.300,35.130,32.130,699400.000,-0.071656,32.030,32.400,137293.000,1.294,0.500,34.610,,-0.071656,-0.030,-0.030,-0.031,-0.031,-0.027
75104,2002/07/24,,11,1,4841,92552410,VIA,VIACOM INC,A,VIA,,N,A,R,21866,0,1,4833,12485710,,,,,,,,,48.000,483.000,,,,,,,,,,,,,,,29.790,34.550,34.440,664000.000,0.071895,34.330,34.540,137293.000,1.294,0.500,30.150,,0.071895,0.052,0.052,0.018,0.018,0.057
75104,2002/07/25,,11,1,4841,92552410,VIA,VIACOM INC,A,VIA,,N,A,R,21866,0,1,4833,12485710,,,,,,,,,48.000,483.000,,,,,,,,,,,,,,,33.350,36.800,35.150,679200.000,0.020616,35.050,35.260,137293.000,1.294,0.500,34.190,,0.020616,-0.006,-0.006,-0.003,-0.003,-0.006
75104,2002/07/26,,11,1,4841,92552410,VIA,VIACOM INC,A,VIA,,N,A,R,21866,0,1,4833,12485710,,,,,,,,,48.000,483.000,,,,,,,,,,,,,,,33.810,36.000,34.320,675800.000,-0.023613,34.250,34.520,137293.000,1.294,0.500,35.400,,-0.023613,0.015,0.015,0.007,0.007,0.017
75104,2002/07/29,,11,1,4841,92552410,VIA,VIACOM INC,A,VIA,,N,A,R,21866,0,1,4833,12485710,,,,,,,,,48.000,483.000,,,,,,,,,,,,,,,35.200,37.970,37.500,1130400.000,0.092657,37.490,37.570,137293.000,1.294,0.500,35.550,,0.092657,0.053,0.053,0.035,0.035,0.054
75104,2002/07/30,,11,1,4841,92552410,VIA,VIACOM INC,A,VIA,,N,A,R,21866,0,1,4833,12485710,,,,,,,,,48.000,483.000,,,,,,,,,,,,,,,35.620,37.930,37.140,470300.000,-0.009600,36.850,37.270,137293.000,1.294,0.500,37.350,,-0.009600,0.005,0.005,0.005,0.005,0.004
75104,2002/07/31,,11,1,4841,92552410,VIA,VIACOM INC,A,VIA,,N,A,R,21866,0,1,4833,12485710,,,,,,,,0.000,48.000,483.000,,,,,,,,,,,,,,,36.000,38.950,38.860,466400.000,0.046311,38.700,38.950,137293.000,1.294,0.500,37.750,,0.046311,0.006,0.005,-0.004,-0.004,0.010
75104,2002/08/01,,11,1,4841,92552410,VIA,VIACOM INC,A,VIA,,N,A,R,21866,0,1,4833,12485710,,,,,,,,,48.000,483.000,,,,,,,,,,,,,,,37.550,39.500,38.070,416900.000,-0.020329,38.050,38.080,137293.000,1.294,0.500,39.110,,-0.020329,-0.026,-0.026,-0.009,-0.009,-0.030
75104,2002/08/02,,11,1,4841,92552410,VIA,VIACOM INC,A,VIA,,N,A,R,21866,0,1,4833,12485710,,,,,,,,,48.000,483.000,,,,,,,,,,,,,,,34.490,37.790,35.000,458400.000,-0.080641,34.850,34.920,137293.000,1.294,0.500,37.500,,-0.080641,-0.023,-0.023,-0.018,-0.018,-0.023
75104,2002/08/05,,11,1,4841,92552410,VIA,VIACOM INC,A,VIA,,N,A,R,21866,0,1,4833,12485710,,,,,,,,,48.000,483.000,,,,,,,,,,,,,,,32.550,35.390,33.000,427500.000,-0.057143,32.900,33.040,137293.000,1.294,0.500,35.000,,-0.057143,-0.033,-0.033,-0.021,-0.021,-0.034
75104,2002/08/06,,11,1,4841,92552410,VIA,VIACOM INC,A,VIA,,N,A,R,21866,0,1,4833,12485710,,,,,,,,,48.000,483.000,,,,,,,,,,,,,,,33.750,36.350,35.520,423700.000,0.076364,35.380,35.500,137293.000,1.294,0.500,33.750,,0.076364,0.030,0.030,0.022,0.022,0.030
75104,2002/08/07,,11,1,4841,92552410,VIA,VIACOM INC,A,VIA,,N,A,R,21866,0,1,4833,12485710,,,,,,,,,48.000,483.000,,,,,,,,,,,,,,,34.350,35.920,35.700,377600.000,0.005068,35.610,35.620,137293.000,1.294,0.500,35.600,,0.005068,0.017,0.017,0.004,0.004,0.020
75104,2002/08/08,,11,1,4841,92552410,VIA,VIACOM INC,A,VIA,,N,A,R,21866,0,1,4833,12485710,,,,,,,,,48.000,483.000,,,,,,,,,,,,,,,34.600,37.670,37.110,537500.000,0.039496,37.040,37.300,137293.000,1.294,0.500,35.100,,0.039496,0.029,0.029,0.011,0.011,0.033
75104,2002/08/09,,11,1,4841,92552410,VIA,VIACOM INC,A,VIA,,N,A,R,21866,0,1,4833,12485710,,,,,,,,,48.000,483.000,,,,,,,,,,,,,,,36.240,37.490,36.930,306600.000,-0.004850,36.760,37.100,137293.000,1.294,0.500,36.790,,-0.004850,0.003,0.003,0.002,0.002,0.004
75104,2002/08/12,,11,1,4841,92552410,VIA,VIACOM INC,A,VIA,,N,A,R,21866,0,1,4833,12485710,,,,,,,,,48.000,483.000,,,,,,,,,,,,,,,35.710,36.680,36.390,255900.000,-0.014622,36.160,36.290,137293.000,1.294,0.500,36.680,,-0.014622,-0.004,-0.004,0.000,0.000,-0.005
75104,2002/08/13,,11,1,4841,92552410,VIA,VIACOM INC,A,VIA,,N,A,R,21866,0,1,4833,12485710,,,,,,,,,48.000,483.000,,,,,,,,,,,,,,,35.500,37.350,35.720,340100.000,-0.018412,35.600,35.870,137293.000,1.294,0.500,35.500,,-0.018412,-0.020,-0.020,-0.012,-0.012,-0.022
75104,2002/08/14,,11,1,4841,92552410,VIA,VIACOM INC,A,VIA,,N,A,R,21866,0,1,4833,12485710,,,,,,,,,48.000,483.000,,,,,,,,,,,,,,,35.260,39.500,38.950,637200.000,0.090426,38.800,39.000,137293.000,1.294,0.500,35.720,,0.090426,0.035,0.035,0.016,0.016,0.040
75104,2002/08/15,,11,1,4841,92552410,VIA,VIACOM INC,A,VIA,,N,A,R,21866,0,1,4833,12485710,,,,,,,,,48.000,483.000,,,,,,,,,,,,,,,39.500,42.010,41.700,621000.000,0.070603,41.600,41.880,137293.000,1.294,0.500,39.600,,0.070603,0.012,0.012,0.005,0.005,0.012
75104,2002/08/16,,11,1,4841,92552410,VIA,VIACOM INC,A,VIA,,N,A,R,21866,0,1,4833,12485710,,,,,,,,,48.000,483.000,,,,,,,,,,,,,,,40.790,42.500,42.000,417500.000,0.007194,41.860,42.200,137293.000,1.294,0.500,41.450,,0.007194,0.001,0.001,0.007,0.007,-0.002
75104,2002/08/19,,11,1,4841,92552410,VIA,VIACOM INC,A,VIA,,N,A,R,21866,0,1,4833,12485710,,,,,,,,,48.000,483.000,,,,,,,,,,,,,,,41.910,43.130,43.010,327600.000,0.024048,42.860,43.070,137293.000,1.294,0.500,42.800,,0.024048,0.021,0.021,0.012,0.012,0.024
75104,2002/08/20,,11,1,4841,92552410,VIA,VIACOM INC,A,VIA,,N,A,R,21866,0,1,4833,12485710,,,,,,,,,48.000,483.000,,,,,,,,,,,,,,,41.300,42.400,42.270,249400.000,-0.017205,42.100,42.250,137293.000,1.294,0.500,42.300,,-0.017205,-0.012,-0.012,-0.004,-0.004,-0.014
75104,2002/08/21,,11,1,4841,92552410,VIA,VIACOM INC,A,VIA,,N,A,R,21866,0,1,4833,12485710,,,,,,,,,48.000,483.000,,,,,,,,,,,,,,,41.540,42.900,42.480,437700.000,0.004968,42.380,42.640,137293.000,1.294,0.500,42.270,,0.004968,0.014,0.013,0.017,0.017,0.013
